<?xml version="1.0" encoding="UTF-8"?>
<!DOCTYPE html PUBLIC "-//W3C//DTD XHTML 1.0 Transitional//EN"
    "http://www.w3.org/TR/xhtml1/DTD/xhtml1-transitional.dtd">
<html xmlns="http://www.w3.org/1999/xhtml" xml:lang="en" lang="en">
 <head>
  <title>
</title>
<meta http-equiv="Content-Type" content="text/html;charset=utf-8" />
  <meta name='ocr-system' content='tesseract 3.04.00' />
  <meta name='ocr-capabilities' content='ocr_page ocr_carea ocr_par ocr_line ocrx_word'/>
</head>
<body>
  <div class='ocr_page' id='page_1' title='image "./chilhadettobteso00fumauoft_0499.png"; bbox 0 0 2014 3386; ppageno 0'>
   <div class='ocr_carea' id='block_1_1' title="bbox 116 77 1718 163">
    <p class='ocr_par' dir='ltr' id='par_1_1' title="bbox 116 77 1718 163">
     <span class='ocr_line' id='line_1_1' title="bbox 116 77 1718 163; baseline 0 -15"><span class='ocrx_word' id='word_1_1' title='bbox 116 107 417 163; x_wconf 83' lang='lat'>[1626-1628]</span> <span class='ocrx_word' id='word_1_2' title='bbox 586 109 729 158; x_wconf 68' lang='lat' dir='ltr'><em>Virta,</em></span> <span class='ocrx_word' id='word_1_3' title='bbox 764 109 1024 157; x_wconf 68' lang='lat' dir='ltr'>dlz‘batezza,</span> <span class='ocrx_word' id='word_1_4' title='bbox 1058 111 1268 149; x_wconf 84' lang='lat' dir='ltr'>modestia</span> <span class='ocrx_word' id='word_1_5' title='bbox 1487 77 1490 79; x_wconf 16' lang='grc' dir='ltr'><em>Β</em></span> <span class='ocrx_word' id='word_1_6' title='bbox 1635 117 1718 162; x_wconf 90' lang='lat'>471</span> 
     </span>
    </p>
   </div>
   <div class='ocr_carea' id='block_1_2' title="bbox 487 564 1350 654">
    <p class='ocr_par' dir='ltr' id='par_1_2' title="bbox 487 564 1350 654">
     <span class='ocr_line' id='line_1_2' title="bbox 487 564 1350 654; baseline 0.001 -18"><span class='ocrx_word' id='word_1_7' title='bbox 487 574 672 653; x_wconf 58' lang='lat' dir='ltr'>Virta,</span> <span class='ocrx_word' id='word_1_8' title='bbox 713 574 1040 654; x_wconf 72' lang='lat' dir='ltr'>illibatezza,</span> <span class='ocrx_word' id='word_1_9' title='bbox 1082 564 1350 637; x_wconf 75' lang='lat' dir='ltr'>modestia</span> 
     </span>
    </p>
   </div>
   <div class='ocr_carea' id='block_1_3' title="bbox 833 706 1008 712">
    <p class='ocr_par' dir='ltr' id='par_1_3' title="bbox 833 706 1008 712">
     <span class='ocr_line' id='line_1_3' title="bbox 833 706 1008 712; baseline 0 0"><span class='ocrx_word' id='word_1_10' title='bbox 833 706 1008 712; x_wconf 95' lang='lat' dir='ltr'> </span> 
     </span>
    </p>
   </div>
   <div class='ocr_carea' id='block_1_4' title="bbox 110 833 1720 1038">
    <p class='ocr_par' dir='ltr' id='par_1_4' title="bbox 110 833 1720 1038">
     <span class='ocr_line' id='line_1_4' title="bbox 170 833 1720 890; baseline 0.001 -16"><span class='ocrx_word' id='word_1_11' title='bbox 170 835 239 875; x_wconf 90' lang='lat' dir='ltr'>Fu</span> <span class='ocrx_word' id='word_1_12' title='bbox 268 848 435 888; x_wconf 89' lang='lat' dir='ltr'>sempre</span> <span class='ocrx_word' id='word_1_13' title='bbox 465 835 611 875; x_wconf 89' lang='lat' dir='ltr'>nobile</span> <span class='ocrx_word' id='word_1_14' title='bbox 641 833 789 876; x_wconf 87' lang='lat' dir='ltr'>ufficio</span> <span class='ocrx_word' id='word_1_15' title='bbox 821 836 891 876; x_wconf 91' lang='lat' dir='ltr'>del</span> <span class='ocrx_word' id='word_1_16' title='bbox 921 841 1048 890; x_wconf 90' lang='lat' dir='ltr'>poeta</span> <span class='ocrx_word' id='word_1_17' title='bbox 1078 836 1202 876; x_wconf 90' lang='lat' dir='ltr'>civile</span> <span class='ocrx_word' id='word_1_18' title='bbox 1233 836 1277 876; x_wconf 88' lang='lat' dir='ltr'>di</span> <span class='ocrx_word' id='word_1_19' title='bbox 1300 836 1496 889; x_wconf 86' lang='lat' dir='ltr'>spingere</span> <span class='ocrx_word' id='word_1_20' title='bbox 1520 835 1587 876; x_wconf 90' lang='lat' dir='ltr'>sul</span> <span class='ocrx_word' id='word_1_21' title='bbox 1607 849 1720 876; x_wconf 86' lang='lat' dir='ltr'><strong>cam—</strong></span> 
     </span>
     <span class='ocr_line' id='line_1_5' title="bbox 112 909 1720 963; baseline 0.001 -15"><span class='ocrx_word' id='word_1_22' title='bbox 112 909 230 949; x_wconf 85' lang='lat' dir='ltr'>mino</span> <span class='ocrx_word' id='word_1_23' title='bbox 260 909 372 949; x_wconf 88' lang='lat' dir='ltr'>della</span> <span class='ocrx_word' id='word_1_24' title='bbox 401 909 517 949; x_wconf 69' lang='lat' dir='ltr'>virtfi</span> <span class='ocrx_word' id='word_1_25' title='bbox 547 922 628 949; x_wconf 91' lang='lat' dir='ltr'>con</span> <span class='ocrx_word' id='word_1_26' title='bbox 659 910 690 949; x_wconf 95' lang='lat' dir='ltr'>il</span> <span class='ocrx_word' id='word_1_27' title='bbox 722 923 800 950; x_wconf 90' lang='lat' dir='ltr'>suo</span> <span class='ocrx_word' id='word_1_28' title='bbox 832 916 981 951; x_wconf 86' lang='lat' dir='ltr'>canto:</span> <span class='ocrx_word' id='word_1_29' title='bbox 1017 924 1039 950; x_wconf 93' lang='lat' dir='ltr'>e</span> <span class='ocrx_word' id='word_1_30' title='bbox 1071 924 1198 963; x_wconf 83' lang='lat' dir='ltr'>sopra</span> <span class='ocrx_word' id='word_1_31' title='bbox 1218 915 1328 951; x_wconf 89' lang='lat' dir='ltr'>tutte</span> <span class='ocrx_word' id='word_1_32' title='bbox 1351 910 1391 951; x_wconf 89' lang='lat' dir='ltr'>le</span> <span class='ocrx_word' id='word_1_33' title='bbox 1411 910 1516 951; x_wconf 87' lang='lat' dir='ltr'>altre</span> <span class='ocrx_word' id='word_1_34' title='bbox 1538 910 1582 950; x_wconf 93' lang='lat' dir='ltr'>di</span> <span class='ocrx_word' id='word_1_35' title='bbox 1606 910 1720 950; x_wconf 89' lang='lat' dir='ltr'><strong>simil</strong></span> 
     </span>
     <span class='ocr_line' id='line_1_6' title="bbox 110 984 1239 1038; baseline 0.001 -14"><span class='ocrx_word' id='word_1_36' title='bbox 110 995 281 1034; x_wconf 86' lang='lat' dir='ltr'><strong>genere,</strong></span> <span class='ocrx_word' id='word_1_37' title='bbox 314 984 548 1025; x_wconf 90' lang='lat' dir='ltr'>bellissime</span> <span class='ocrx_word' id='word_1_38' title='bbox 579 997 688 1024; x_wconf 91' lang='lat' dir='ltr'>sono</span> <span class='ocrx_word' id='word_1_39' title='bbox 719 984 758 1025; x_wconf 93' lang='lat' dir='ltr'>le</span> <span class='ocrx_word' id='word_1_40' title='bbox 789 985 935 1038; x_wconf 85' lang='lat' dir='ltr'>parole</span> <span class='ocrx_word' id='word_1_41' title='bbox 966 985 1010 1024; x_wconf 85' lang='lat' dir='ltr'>di</span> <span class='ocrx_word' id='word_1_42' title='bbox 1040 985 1239 1026; x_wconf 85' lang='lat' dir='ltr'><strong>DANTE:</strong></span> 
     </span>
    </p>
   </div>
   <div class='ocr_carea' id='block_1_5' title="bbox 118 1093 1590 1247">
    <p class='ocr_par' dir='ltr' id='par_1_5' title="bbox 118 1093 1590 1247">
     <span class='ocr_line' id='line_1_7' title="bbox 118 1093 1357 1148; baseline 0.002 -3"><span class='ocrx_word' id='word_1_43' title='bbox 118 1096 274 1146; x_wconf 87' lang='lat'>1626.</span> <span class='ocrx_word' id='word_1_44' title='bbox 335 1093 704 1146; x_wconf 81' lang='lat' dir='ltr'>Considerate</span> <span class='ocrx_word' id='word_1_45' title='bbox 742 1096 798 1147; x_wconf 84' lang='lat' dir='ltr'>la</span> <span class='ocrx_word' id='word_1_46' title='bbox 837 1103 1030 1147; x_wconf 78' lang='lat' dir='ltr'><strong>vostra</strong></span> <span class='ocrx_word' id='word_1_47' title='bbox 1069 1113 1357 1148; x_wconf 82' lang='lat' dir='ltr'>semenza:</span> 
     </span>
     <span class='ocr_line' id='line_1_8' title="bbox 408 1183 1590 1247; baseline 0.003 -13"><span class='ocrx_word' id='word_1_48' title='bbox 408 1183 562 1235; x_wconf 83' lang='lat' dir='ltr'>Fatti</span> <span class='ocrx_word' id='word_1_49' title='bbox 601 1201 719 1234; x_wconf 92' lang='lat' dir='ltr'>non</span> <span class='ocrx_word' id='word_1_50' title='bbox 759 1184 904 1236; x_wconf 82' lang='lat' dir='ltr'>foste</span> <span class='ocrx_word' id='word_1_51' title='bbox 944 1203 977 1236; x_wconf 82' lang='lat' dir='ltr'>a</span> <span class='ocrx_word' id='word_1_52' title='bbox 1016 1185 1178 1236; x_wconf 84' lang='lat' dir='ltr'>viver</span> <span class='ocrx_word' id='word_1_53' title='bbox 1217 1202 1380 1237; x_wconf 81' lang='lat' dir='ltr'>come</span> <span class='ocrx_word' id='word_1_54' title='bbox 1418 1185 1590 1247; x_wconf 84' lang='lat' dir='ltr'><strong>bruti,</strong></span> 
     </span>
    </p>
   </div>
   <div class='ocr_carea' id='block_1_6' title="bbox 407 1274 1671 1406">
    <p class='ocr_par' dir='ltr' id='par_1_6' title="bbox 407 1274 1671 1406">
     <span class='ocr_line' id='line_1_9' title="bbox 407 1274 1606 1342; baseline 0.002 -17"><span class='ocrx_word' id='word_1_55' title='bbox 407 1274 509 1325; x_wconf 86' lang='lat' dir='ltr'>Ma</span> <span class='ocrx_word' id='word_1_56' title='bbox 547 1291 650 1342; x_wconf 88' lang='lat' dir='ltr'>per</span> <span class='ocrx_word' id='word_1_57' title='bbox 687 1274 881 1342; x_wconf 86' lang='lat' dir='ltr'>seguir</span> <span class='ocrx_word' id='word_1_58' title='bbox 919 1275 1133 1326; x_wconf 82' lang='lat' dir='ltr'>virtute</span> <span class='ocrx_word' id='word_1_59' title='bbox 1171 1293 1203 1326; x_wconf 82' lang='lat' dir='ltr'>e</span> <span class='ocrx_word' id='word_1_60' title='bbox 1243 1292 1606 1327; x_wconf 82' lang='lat' dir='ltr'>conoscenza.</span> 
     </span>
     <span class='ocr_line' id='line_1_10' title="bbox 1000 1362 1671 1406; baseline -0.001 -11"><span class='ocrx_word' id='word_1_61' title='bbox 1000 1362 1188 1406; x_wconf 85' lang='lat' dir='ltr'><em>(Inferno,</em></span> <span class='ocrx_word' id='word_1_62' title='bbox 1212 1373 1242 1396; x_wconf 83' lang='lat' dir='ltr'>c.</span> <span class='ocrx_word' id='word_1_63' title='bbox 1265 1362 1416 1403; x_wconf 88' lang='lat' dir='ltr'><strong>XXVI,</strong></span> <span class='ocrx_word' id='word_1_64' title='bbox 1439 1374 1475 1396; x_wconf 87' lang='lat' dir='ltr'>v.</span> <span class='ocrx_word' id='word_1_65' title='bbox 1503 1362 1671 1402; x_wconf 87' lang='lat'>118-120).</span> 
     </span>
    </p>
   </div>
   <div class='ocr_carea' id='block_1_7' title="bbox 106 1467 1715 1595">
    <p class='ocr_par' dir='ltr' id='par_1_7' title="bbox 106 1467 1715 1595">
     <span class='ocr_line' id='line_1_11' title="bbox 107 1467 1715 1521; baseline 0 -12"><span class='ocrx_word' id='word_1_66' title='bbox 107 1470 147 1509; x_wconf 94' lang='lat' dir='ltr'>E</span> <span class='ocrx_word' id='word_1_67' title='bbox 178 1473 421 1509; x_wconf 83' lang='lat' dir='ltr'>veramente</span> <span class='ocrx_word' id='word_1_68' title='bbox 451 1469 577 1521; x_wconf 83' lang='lat' dir='ltr'>quale</span> <span class='ocrx_word' id='word_1_69' title='bbox 608 1481 739 1521; x_wconf 92' lang='lat' dir='ltr'>scopo</span> <span class='ocrx_word' id='word_1_70' title='bbox 769 1467 826 1508; x_wconf 87' lang='lat' dir='ltr'>ha</span> <span class='ocrx_word' id='word_1_71' title='bbox 857 1468 898 1508; x_wconf 85' lang='lat' dir='ltr'>la</span> <span class='ocrx_word' id='word_1_72' title='bbox 928 1469 1046 1510; x_wconf 82' lang='lat' dir='ltr'>vita?</span> <span class='ocrx_word' id='word_1_73' title='bbox 1079 1469 1185 1509; x_wconf 88' lang='lat' dir='ltr'>Non</span> <span class='ocrx_word' id='word_1_74' title='bbox 1215 1473 1330 1509; x_wconf 88' lang='lat' dir='ltr'>certo</span> <span class='ocrx_word' id='word_1_75' title='bbox 1351 1468 1496 1521; x_wconf 86' lang='lat' dir='ltr'>quello</span> <span class='ocrx_word' id='word_1_76' title='bbox 1528 1468 1715 1509; x_wconf 89' lang='lat' dir='ltr'><strong>soltanto</strong></span> 
     </span>
     <span class='ocr_line' id='line_1_12' title="bbox 106 1541 1168 1595; baseline 0.001 -14"><span class='ocrx_word' id='word_1_77' title='bbox 106 1542 151 1582; x_wconf 89' lang='lat' dir='ltr'>di</span> <span class='ocrx_word' id='word_1_78' title='bbox 180 1555 391 1595; x_wconf 84' lang='lat' dir='ltr'>appagare</span> <span class='ocrx_word' id='word_1_79' title='bbox 421 1542 480 1594; x_wconf 86' lang='lat' dir='ltr'>gli</span> <span class='ocrx_word' id='word_1_80' title='bbox 510 1542 646 1583; x_wconf 88' lang='lat' dir='ltr'><strong>istinti</strong></span> <span class='ocrx_word' id='word_1_81' title='bbox 677 1541 884 1582; x_wconf 87' lang='lat' dir='ltr'>materiali</span> <span class='ocrx_word' id='word_1_82' title='bbox 914 1541 984 1582; x_wconf 91' lang='lat' dir='ltr'>del</span> <span class='ocrx_word' id='word_1_83' title='bbox 1015 1555 1168 1594; x_wconf 84' lang='lat' dir='ltr'>corpo:</span> 
     </span>
    </p>
   </div>
   <div class='ocr_carea' id='block_1_8' title="bbox 113 1650 1710 1719">
    <p class='ocr_par' dir='ltr' id='par_1_8' title="bbox 113 1650 1710 1719">
     <span class='ocr_line' id='line_1_13' title="bbox 113 1650 1710 1719; baseline -0.001 -16"><span class='ocrx_word' id='word_1_84' title='bbox 113 1655 267 1717; x_wconf 87' lang='lat'>1627.</span> <span class='ocrx_word' id='word_1_85' title='bbox 309 1651 554 1719; x_wconf 82' lang='lat' dir='ltr'><strong>Oportet</strong></span> <span class='ocrx_word' id='word_1_86' title='bbox 593 1669 714 1704; x_wconf 86' lang='lat' dir='ltr'>esse</span> <span class='ocrx_word' id='word_1_87' title='bbox 753 1660 818 1703; x_wconf 90' lang='lat' dir='ltr'>ut</span> <span class='ocrx_word' id='word_1_88' title='bbox 858 1651 1037 1713; x_wconf 83' lang='lat' dir='ltr'><strong>vivaS‚</strong></span> <span class='ocrx_word' id='word_1_89' title='bbox 1073 1669 1187 1703; x_wconf 90' lang='lat' dir='ltr'>non</span> <span class='ocrx_word' id='word_1_90' title='bbox 1220 1650 1432 1713; x_wconf 82' lang='lat' dir='ltr'>vivere,</span> <span class='ocrx_word' id='word_1_91' title='bbox 1462 1659 1527 1703; x_wconf 86' lang='lat' dir='ltr'>ut</span> <span class='ocrx_word' id='word_1_92' title='bbox 1557 1652 1710 1703; x_wconf 83' lang='lat' dir='ltr'>edaS.</span> 
     </span>
    </p>
   </div>
   <div class='ocr_carea' id='block_1_9' title="bbox 100 1792 1712 2287">
    <p class='ocr_par' dir='ltr' id='par_1_9' title="bbox 100 1792 1712 2287">
     <span class='ocr_line' id='line_1_14' title="bbox 104 1792 1712 1847; baseline -0.003 -11"><span class='ocrx_word' id='word_1_93' title='bbox 104 1795 197 1836; x_wconf 89' lang='lat' dir='ltr'>dice</span> <span class='ocrx_word' id='word_1_94' title='bbox 225 1792 257 1835; x_wconf 90' lang='lat' dir='ltr'>l’</span> <span class='ocrx_word' id='word_1_95' title='bbox 272 1795 422 1847; x_wconf 88' lang='lat' dir='ltr'>ignoto</span> <span class='ocrx_word' id='word_1_96' title='bbox 453 1800 601 1835; x_wconf 87' lang='lat' dir='ltr'>autore</span> <span class='ocrx_word' id='word_1_97' title='bbox 633 1794 702 1834; x_wconf 90' lang='lat' dir='ltr'>dei</span> <span class='ocrx_word' id='word_1_98' title='bbox 732 1795 860 1834; x_wconf 72' lang='lat' dir='ltr'><em>Libri</em></span> <span class='ocrx_word' id='word_1_99' title='bbox 888 1795 1112 1833; x_wconf 78' lang='lat' dir='ltr'>Rhetorz&#39;cz’</span> <span class='ocrx_word' id='word_1_100' title='bbox 1139 1795 1199 1832; x_wconf 86' lang='lat' dir='ltr'>ad</span> <span class='ocrx_word' id='word_1_101' title='bbox 1215 1793 1495 1832; x_wconf 79' lang='lat' dir='ltr'><em>Herennium</em></span> <span class='ocrx_word' id='word_1_102' title='bbox 1517 1792 1594 1844; x_wconf 88' lang='lat' dir='ltr'>(sia</span> <span class='ocrx_word' id='word_1_103' title='bbox 1615 1804 1712 1832; x_wconf 90' lang='lat' dir='ltr'>esso</span> 
     </span>
     <span class='ocr_line' id='line_1_15' title="bbox 103 1865 1712 1920; baseline -0.003 -10"><span class='ocrx_word' id='word_1_104' title='bbox 103 1869 350 1910; x_wconf 80' lang='lat' dir='ltr'>CICERONE</span> <span class='ocrx_word' id='word_1_105' title='bbox 387 1883 431 1919; x_wconf 93' lang='lat' dir='ltr'>o,</span> <span class='ocrx_word' id='word_1_106' title='bbox 464 1882 585 1910; x_wconf 88' lang='lat' dir='ltr'>come</span> <span class='ocrx_word' id='word_1_107' title='bbox 615 1868 772 1920; x_wconf 87' lang='lat' dir='ltr'>meglio</span> <span class='ocrx_word' id='word_1_108' title='bbox 812 1869 848 1908; x_wconf 90' lang='lat' dir='ltr'>si</span> <span class='ocrx_word' id='word_1_109' title='bbox 889 1868 1027 1917; x_wconf 87' lang='lat' dir='ltr'>crede,</span> <span class='ocrx_word' id='word_1_110' title='bbox 1065 1868 1364 1916; x_wconf 83' lang='lat' dir='ltr'>CORNIFICIO,</span> <span class='ocrx_word' id='word_1_111' title='bbox 1406 1866 1463 1906; x_wconf 92' lang='lat' dir='ltr'>od</span> <span class='ocrx_word' id='word_1_112' title='bbox 1499 1866 1610 1918; x_wconf 86' lang='lat' dir='ltr'><strong>altri)</strong></span> <span class='ocrx_word' id='word_1_113' title='bbox 1641 1865 1712 1906; x_wconf 88' lang='lat' dir='ltr'>nel</span> 
     </span>
     <span class='ocr_line' id='line_1_16' title="bbox 101 1939 1704 1999; baseline -0.003 -15"><span class='ocrx_word' id='word_1_114' title='bbox 101 1943 179 1984; x_wconf 90' lang='lat' dir='ltr'>lib.</span> <span class='ocrx_word' id='word_1_115' title='bbox 204 1944 284 1993; x_wconf 91' lang='lat' dir='ltr'>IV,</span> <span class='ocrx_word' id='word_1_116' title='bbox 306 1957 400 1996; x_wconf 82' lang='lat' dir='ltr'><strong>cap.</strong></span> <span class='ocrx_word' id='word_1_117' title='bbox 421 1943 494 1993; x_wconf 89' lang='lat'>28,</span> <span class='ocrx_word' id='word_1_118' title='bbox 513 1942 536 1999; x_wconf 63' lang='grc' dir='ltr'><strong>ξ</strong></span> <span class='ocrx_word' id='word_1_119' title='bbox 556 1952 633 1994; x_wconf 84' lang='grc'>39;</span> <span class='ocrx_word' id='word_1_120' title='bbox 662 1956 689 1982; x_wconf 92' lang='lat'>0</span> <span class='ocrx_word' id='word_1_121' title='bbox 711 1942 845 1982; x_wconf 88' lang='lat' dir='ltr'>anche</span> <span class='ocrx_word' id='word_1_122' title='bbox 869 1941 1193 1994; x_wconf 81' lang='lat' dir='ltr'><strong>QUINTILIANO</strong></span> <span class='ocrx_word' id='word_1_123' title='bbox 1216 1942 1339 1992; x_wconf 85' lang='lat' dir='ltr'><em>(Inst.</em></span> <span class='ocrx_word' id='word_1_124' title='bbox 1366 1946 1492 1985; x_wconf 72' lang='lat' dir='ltr'><em>orat„</em></span> <span class='ocrx_word' id='word_1_125' title='bbox 1520 1939 1598 1982; x_wconf 89' lang='lat' dir='ltr'><strong>lib.</strong></span> <span class='ocrx_word' id='word_1_126' title='bbox 1622 1940 1704 1989; x_wconf 91' lang='lat' dir='ltr'>IX,</span> 
     </span>
     <span class='ocr_line' id='line_1_17' title="bbox 102 2014 1710 2073; baseline -0.004 -14"><span class='ocrx_word' id='word_1_127' title='bbox 102 2031 196 2071; x_wconf 83' lang='lat' dir='ltr'><strong>cap.</strong></span> <span class='ocrx_word' id='word_1_128' title='bbox 233 2027 273 2069; x_wconf 83' lang='lat'>3,</span> <span class='ocrx_word' id='word_1_129' title='bbox 310 2015 334 2073; x_wconf 65' lang='grc' dir='ltr'><strong>ξ</strong></span> <span class='ocrx_word' id='word_1_130' title='bbox 365 2019 459 2070; x_wconf 84' lang='lat'><strong>85):</strong></span> <span class='ocrx_word' id='word_1_131' title='bbox 494 2018 595 2056; x_wconf 91' lang='lat' dir='ltr'>Non</span> <span class='ocrx_word' id='word_1_132' title='bbox 628 2022 679 2056; x_wconf 84' lang='lat' dir='ltr'>ut</span> <span class='ocrx_word' id='word_1_133' title='bbox 708 2018 831 2055; x_wconf 84' lang='lat' dir='ltr'>edam</span> <span class='ocrx_word' id='word_1_134' title='bbox 861 2018 970 2060; x_wconf 82' lang='lat' dir='ltr'><em>vivo,</em></span> <span class='ocrx_word' id='word_1_135' title='bbox 1007 2017 1083 2054; x_wconf 85' lang='lat' dir='ltr'>sed</span> <span class='ocrx_word' id='word_1_136' title='bbox 1112 2020 1162 2053; x_wconf 79' lang='lat' dir='ltr'>ut</span> <span class='ocrx_word' id='word_1_137' title='bbox 1190 2016 1334 2053; x_wconf 78' lang='lat' dir='ltr'><em>vivam</em></span> <span class='ocrx_word' id='word_1_138' title='bbox 1365 2016 1455 2053; x_wconf 78' lang='lat' dir='ltr'>edo,</span> <span class='ocrx_word' id='word_1_139' title='bbox 1491 2014 1553 2053; x_wconf 89' lang='lat' dir='ltr'>Le</span> <span class='ocrx_word' id='word_1_140' title='bbox 1577 2017 1710 2053; x_wconf 84' lang='lat' dir='ltr'>stesse</span> 
     </span>
     <span class='ocr_line' id='line_1_18' title="bbox 101 2088 1709 2145; baseline -0.003 -13"><span class='ocrx_word' id='word_1_141' title='bbox 101 2091 247 2145; x_wconf 82' lang='lat' dir='ltr'>parole</span> <span class='ocrx_word' id='word_1_142' title='bbox 278 2092 371 2131; x_wconf 90' lang='lat' dir='ltr'>dice</span> <span class='ocrx_word' id='word_1_143' title='bbox 392 2092 615 2131; x_wconf 83' lang='lat' dir='ltr'>ISIDORUS</span> <span class='ocrx_word' id='word_1_144' title='bbox 640 2092 957 2130; x_wconf 82' lang='lat' dir='ltr'>HISPALENSIS</span> <span class='ocrx_word' id='word_1_145' title='bbox 980 2089 1091 2128; x_wconf 90' lang='lat' dir='ltr'>nelle</span> <span class='ocrx_word' id='word_1_146' title='bbox 1120 2088 1301 2141; x_wconf 64' lang='lat' dir='ltr'><strong><em>Orzgrznz·</em></strong></span> <span class='ocrx_word' id='word_1_147' title='bbox 1323 2088 1401 2138; x_wconf 92' lang='grc' dir='ltr'>(ΙΙ,</span> <span class='ocrx_word' id='word_1_148' title='bbox 1427 2098 1498 2136; x_wconf 88' lang='lat'>21,</span> <span class='ocrx_word' id='word_1_149' title='bbox 1532 2089 1617 2139; x_wconf 90' lang='lat'>13),</span> <span class='ocrx_word' id='word_1_150' title='bbox 1642 2100 1709 2127; x_wconf 91' lang='lat' dir='ltr'>ma</span> 
     </span>
     <span class='ocr_line' id='line_1_19' title="bbox 100 2161 1709 2217; baseline -0.003 -11"><span class='ocrx_word' id='word_1_151' title='bbox 100 2165 142 2206; x_wconf 88' lang='lat' dir='ltr'>la</span> <span class='ocrx_word' id='word_1_152' title='bbox 157 2166 274 2206; x_wconf 82' lang='lat' dir='ltr'>sonte</span> <span class='ocrx_word' id='word_1_153' title='bbox 295 2178 477 2206; x_wconf 85' lang='lat' dir='ltr'>comune</span> <span class='ocrx_word' id='word_1_154' title='bbox 497 2165 542 2204; x_wconf 90' lang='lat' dir='ltr'>di</span> <span class='ocrx_word' id='word_1_155' title='bbox 557 2169 709 2217; x_wconf 80' lang='lat' dir='ltr'>questa</span> <span class='ocrx_word' id='word_1_156' title='bbox 725 2169 926 2204; x_wconf 87' lang='lat' dir='ltr'>sentenza</span> <span class='ocrx_word' id='word_1_157' title='bbox 941 2163 1050 2203; x_wconf 88' lang='lat' dir='ltr'>deve</span> <span class='ocrx_word' id='word_1_158' title='bbox 1074 2163 1186 2202; x_wconf 80' lang='lat' dir='ltr'>forse</span> <span class='ocrx_word' id='word_1_159' title='bbox 1202 2162 1418 2202; x_wconf 86' lang='lat' dir='ltr'>ricercarsi</span> <span class='ocrx_word' id='word_1_160' title='bbox 1437 2161 1482 2201; x_wconf 89' lang='lat' dir='ltr'>in</span> <span class='ocrx_word' id='word_1_161' title='bbox 1498 2174 1584 2201; x_wconf 87' lang='lat' dir='ltr'>una</span> <span class='ocrx_word' id='word_1_162' title='bbox 1600 2161 1709 2201; x_wconf 83' lang='lat' dir='ltr'>frase</span> 
     </span>
     <span class='ocr_line' id='line_1_20' title="bbox 101 2235 1709 2287; baseline -0.002 -9"><span class='ocrx_word' id='word_1_163' title='bbox 101 2239 146 2278; x_wconf 87' lang='lat' dir='ltr'>di</span> <span class='ocrx_word' id='word_1_164' title='bbox 176 2240 398 2280; x_wconf 67' lang='lat' dir='ltr'><strong>Soan‘m</strong></span> <span class='ocrx_word' id='word_1_165' title='bbox 428 2238 719 2279; x_wconf 87' lang='lat' dir='ltr'>conservataci</span> <span class='ocrx_word' id='word_1_166' title='bbox 750 2237 806 2277; x_wconf 90' lang='lat' dir='ltr'>da</span> <span class='ocrx_word' id='word_1_167' title='bbox 835 2238 1114 2287; x_wconf 76' lang='lat' dir='ltr'>MAcRomo,</span> <span class='ocrx_word' id='word_1_168' title='bbox 1139 2236 1194 2276; x_wconf 89' lang='lat' dir='ltr'>da</span> <span class='ocrx_word' id='word_1_169' title='bbox 1216 2237 1492 2286; x_wconf 79' lang='lat' dir='ltr'>PLUTARco‚</span> <span class='ocrx_word' id='word_1_170' title='bbox 1519 2235 1573 2276; x_wconf 88' lang='lat' dir='ltr'>da</span> <span class='ocrx_word' id='word_1_171' title='bbox 1594 2236 1709 2276; x_wconf 91' lang='lat' dir='ltr'>D10-</span> 
     </span>
    </p>
   </div>
   <div class='ocr_carea' id='block_1_10' title="bbox 101 2311 1587 2440">
    <p class='ocr_par' dir='ltr' id='par_1_10' title="bbox 101 2311 1587 2440">
     <span class='ocr_line' id='line_1_21' title="bbox 101 2311 977 2365; baseline -0.002 -11"><span class='ocrx_word' id='word_1_172' title='bbox 101 2323 231 2355; x_wconf 71' lang='lat' dir='ltr'>omn:</span> <span class='ocrx_word' id='word_1_173' title='bbox 261 2314 475 2353; x_wconf 67' lang='lat' dir='ltr'>LAERzm</span> <span class='ocrx_word' id='word_1_174' title='bbox 508 2312 588 2365; x_wconf 87' lang='lat'>(11,</span> <span class='ocrx_word' id='word_1_175' title='bbox 623 2314 694 2364; x_wconf 88' lang='lat'>34)</span> <span class='ocrx_word' id='word_1_176' title='bbox 726 2325 749 2352; x_wconf 91' lang='lat' dir='ltr'>e</span> <span class='ocrx_word' id='word_1_177' title='bbox 780 2311 836 2351; x_wconf 86' lang='lat' dir='ltr'>da</span> <span class='ocrx_word' id='word_1_178' title='bbox 865 2311 977 2352; x_wconf 84' lang='lat' dir='ltr'>altri.</span> 
     </span>
     <span class='ocr_line' id='line_1_22' title="bbox 157 2383 1587 2440; baseline -0.001 -12"><span class='ocrx_word' id='word_1_179' title='bbox 157 2388 197 2428; x_wconf 90' lang='lat' dir='ltr'>E</span> <span class='ocrx_word' id='word_1_180' title='bbox 217 2400 299 2428; x_wconf 88' lang='lat' dir='ltr'>con</span> <span class='ocrx_word' id='word_1_181' title='bbox 318 2388 393 2440; x_wconf 66' lang='lat' dir='ltr'>piu</span> <span class='ocrx_word' id='word_1_182' title='bbox 415 2387 598 2427; x_wconf 82' lang='lat' dir='ltr'>modesti</span> <span class='ocrx_word' id='word_1_183' title='bbox 619 2386 920 2427; x_wconf 86' lang='lat' dir='ltr'>intendimenti</span> <span class='ocrx_word' id='word_1_184' title='bbox 936 2385 1195 2426; x_wconf 87' lang='lat' dir='ltr'>ammonisce</span> <span class='ocrx_word' id='word_1_185' title='bbox 1211 2386 1472 2425; x_wconf 72' lang='lat' dir='ltr'>MARZIALE</span> <span class='ocrx_word' id='word_1_186' title='bbox 1487 2383 1587 2426; x_wconf 91' lang='lat' dir='ltr'>che:</span> 
     </span>
    </p>
   </div>
   <div class='ocr_carea' id='block_1_11' title="bbox 111 2496 1660 2628">
    <p class='ocr_par' dir='ltr' id='par_1_11' title="bbox 111 2496 1660 2628">
     <span class='ocr_line' id='line_1_23' title="bbox 111 2496 1367 2559; baseline -0.002 -10"><span class='ocrx_word' id='word_1_187' title='bbox 111 2500 265 2551; x_wconf 91' lang='lat'>1628.</span> <span class='ocrx_word' id='word_1_188' title='bbox 306 2499 440 2550; x_wconf 91' lang='lat' dir='ltr'>Non</span> <span class='ocrx_word' id='word_1_189' title='bbox 480 2506 568 2550; x_wconf 85' lang='lat' dir='ltr'>est</span> <span class='ocrx_word' id='word_1_190' title='bbox 606 2498 818 2559; x_wconf 86' lang='lat' dir='ltr'>vivere,</span> <span class='ocrx_word' id='word_1_191' title='bbox 860 2497 961 2548; x_wconf 85' lang='lat' dir='ltr'>sed</span> <span class='ocrx_word' id='word_1_192' title='bbox 1001 2497 1192 2548; x_wconf 84' lang='lat' dir='ltr'>valere</span> <span class='ocrx_word' id='word_1_193' title='bbox 1230 2496 1367 2548; x_wconf 83' lang='lat' dir='ltr'><strong>vita.</strong></span> 
     </span>
     <span class='ocr_line' id='line_1_24' title="bbox 983 2582 1660 2628; baseline 0 -12"><span class='ocrx_word' id='word_1_194' title='bbox 983 2583 1153 2628; x_wconf 61' lang='lat' dir='ltr'><em>(Epign,</em></span> <span class='ocrx_word' id='word_1_195' title='bbox 1175 2583 1242 2617; x_wconf 87' lang='lat' dir='ltr'><strong>lib.</strong></span> <span class='ocrx_word' id='word_1_196' title='bbox 1269 2583 1339 2625; x_wconf 87' lang='lat' dir='ltr'>V1,</span> <span class='ocrx_word' id='word_1_197' title='bbox 1364 2593 1424 2626; x_wconf 87' lang='lat' dir='ltr'>ep.</span> <span class='ocrx_word' id='word_1_198' title='bbox 1451 2583 1504 2623; x_wconf 90' lang='grc'>70,</span> <span class='ocrx_word' id='word_1_199' title='bbox 1531 2594 1566 2618; x_wconf 82' lang='grc' dir='ltr'>ν.</span> <span class='ocrx_word' id='word_1_200' title='bbox 1595 2582 1660 2622; x_wconf 85' lang='lat'>15).</span> 
     </span>
    </p>
   </div>
   <div class='ocr_carea' id='block_1_12' title="bbox 98 2687 1704 2818">
    <p class='ocr_par' dir='ltr' id='par_1_12' title="bbox 98 2687 1704 2818">
     <span class='ocr_line' id='line_1_25' title="bbox 157 2687 1704 2744; baseline -0.003 -13"><span class='ocrx_word' id='word_1_201' title='bbox 157 2690 342 2744; x_wconf 81' lang='lat' dir='ltr'><strong>Quando</strong></span> <span class='ocrx_word' id='word_1_202' title='bbox 364 2691 400 2731; x_wconf 84' lang='lat' dir='ltr'>si</span> <span class='ocrx_word' id='word_1_203' title='bbox 429 2692 452 2731; x_wconf 79' lang='lat' dir='ltr'>e</span> <span class='ocrx_word' id='word_1_204' title='bbox 474 2691 715 2731; x_wconf 84' lang='lat' dir='ltr'>rinunziato</span> <span class='ocrx_word' id='word_1_205' title='bbox 737 2690 791 2731; x_wconf 90' lang='lat' dir='ltr'>ad</span> <span class='ocrx_word' id='word_1_206' title='bbox 815 2690 917 2741; x_wconf 87' lang='lat' dir='ltr'>ogni</span> <span class='ocrx_word' id='word_1_207' title='bbox 947 2689 1034 2729; x_wconf 89' lang='lat' dir='ltr'><strong>alto</strong></span> <span class='ocrx_word' id='word_1_208' title='bbox 1066 2701 1198 2742; x_wconf 79' lang='lat' dir='ltr'>scopo</span> <span class='ocrx_word' id='word_1_209' title='bbox 1220 2687 1332 2729; x_wconf 84' lang='lat' dir='ltr'>della</span> <span class='ocrx_word' id='word_1_210' title='bbox 1363 2688 1464 2737; x_wconf 84' lang='lat' dir='ltr'><strong>vita,</strong></span> <span class='ocrx_word' id='word_1_211' title='bbox 1497 2687 1575 2729; x_wconf 90' lang='lat' dir='ltr'>che</span> <span class='ocrx_word' id='word_1_212' title='bbox 1606 2700 1704 2729; x_wconf 90' lang='lat' dir='ltr'>cosa</span> 
     </span>
     <span class='ocr_line' id='line_1_26' title="bbox 98 2762 1640 2818; baseline -0.002 -13"><span class='ocrx_word' id='word_1_213' title='bbox 98 2769 210 2806; x_wconf 76' lang='lat' dir='ltr'>resta</span> <span class='ocrx_word' id='word_1_214' title='bbox 240 2764 286 2805; x_wconf 90' lang='lat' dir='ltr'>di</span> <span class='ocrx_word' id='word_1_215' title='bbox 315 2765 441 2807; x_wconf 81' lang='lat' dir='ltr'>essa?</span> <span class='ocrx_word' id='word_1_216' title='bbox 473 2765 576 2806; x_wconf 84' lang='lat' dir='ltr'>Cosi</span> <span class='ocrx_word' id='word_1_217' title='bbox 607 2777 716 2818; x_wconf 91' lang='lat' dir='ltr'>poco</span> <span class='ocrx_word' id='word_1_218' title='bbox 747 2763 825 2804; x_wconf 91' lang='lat' dir='ltr'>che</span> <span class='ocrx_word' id='word_1_219' title='bbox 855 2776 945 2804; x_wconf 88' lang='lat' dir='ltr'>non</span> <span class='ocrx_word' id='word_1_220' title='bbox 977 2762 1072 2803; x_wconf 86' lang='lat' dir='ltr'>vale</span> <span class='ocrx_word' id='word_1_221' title='bbox 1103 2762 1178 2816; x_wconf 63' lang='lat' dir='ltr'>piu</span> <span class='ocrx_word' id='word_1_222' title='bbox 1205 2762 1245 2803; x_wconf 85' lang='lat' dir='ltr'>la</span> <span class='ocrx_word' id='word_1_223' title='bbox 1267 2774 1377 2816; x_wconf 88' lang='lat' dir='ltr'>pena</span> <span class='ocrx_word' id='word_1_224' title='bbox 1400 2762 1443 2802; x_wconf 92' lang='lat' dir='ltr'>di</span> <span class='ocrx_word' id='word_1_225' title='bbox 1469 2762 1640 2803; x_wconf 82' lang='lat' dir='ltr'>vivere:</span> 
     </span>
    </p>
   </div>
   <div class='ocr_carea' id='block_1_13' title="bbox 381 2881 1002 2893">
    <p class='ocr_par' dir='ltr' id='par_1_13' title="bbox 381 2881 1002 2893">
     <span class='ocr_line' id='line_1_27' title="bbox 381 2881 1002 2893; baseline 0 0"><span class='ocrx_word' id='word_1_226' title='bbox 381 2881 1002 2893; x_wconf 95' lang='lat' dir='ltr'> </span> 
     </span>
    </p>
   </div>
   <div class='ocr_carea' id='block_1_14' title="bbox 107 2882 387 2892">
    <p class='ocr_par' dir='ltr' id='par_1_14' title="bbox 107 2882 387 2892">
     <span class='ocr_line' id='line_1_28' title="bbox 107 2882 387 2892; baseline 0 0"><span class='ocrx_word' id='word_1_227' title='bbox 107 2882 387 2892; x_wconf 95' lang='lat' dir='ltr'> </span> 
     </span>
    </p>
   </div>
   <div class='ocr_carea' id='block_1_15' title="bbox 104 2954 1698 3073">
    <p class='ocr_par' dir='ltr' id='par_1_15' title="bbox 104 2954 1698 3073">
     <span class='ocr_line' id='line_1_29' title="bbox 104 2954 1638 3011; baseline -0.003 -13"><span class='ocrx_word' id='word_1_228' title='bbox 104 2957 233 3008; x_wconf 86' lang='lat'>1627.</span> <span class='ocrx_word' id='word_1_229' title='bbox 266 2958 455 3010; x_wconf 78' lang='lat' dir='ltr'><strong>Bisogna</strong></span> <span class='ocrx_word' id='word_1_230' title='bbox 484 2957 698 3010; x_wconf 86' lang='lat' dir='ltr'>mangiare</span> <span class='ocrx_word' id='word_1_231' title='bbox 729 2969 805 3011; x_wconf 86' lang='lat' dir='ltr'>per</span> <span class='ocrx_word' id='word_1_232' title='bbox 837 2956 998 3005; x_wconf 83' lang='lat' dir='ltr'>vivere,</span> <span class='ocrx_word' id='word_1_233' title='bbox 1032 2968 1121 2996; x_wconf 90' lang='lat' dir='ltr'>non</span> <span class='ocrx_word' id='word_1_234' title='bbox 1145 2955 1290 2995; x_wconf 85' lang='lat' dir='ltr'>vivere</span> <span class='ocrx_word' id='word_1_235' title='bbox 1310 2967 1385 3008; x_wconf 87' lang='lat' dir='ltr'>per</span> <span class='ocrx_word' id='word_1_236' title='bbox 1408 2954 1638 3007; x_wconf 82' lang='lat' dir='ltr'>mangiare.</span> 
     </span>
     <span class='ocr_line' id='line_1_30' title="bbox 104 3018 1698 3073; baseline -0.001 -10"><span class='ocrx_word' id='word_1_237' title='bbox 104 3023 232 3065; x_wconf 86' lang='lat'>1628.</span> <span class='ocrx_word' id='word_1_238' title='bbox 262 3024 326 3064; x_wconf 88' lang='lat' dir='ltr'>La</span> <span class='ocrx_word' id='word_1_239' title='bbox 345 3024 435 3065; x_wconf 86' lang='lat' dir='ltr'><strong>vita</strong></span> <span class='ocrx_word' id='word_1_240' title='bbox 454 3036 543 3065; x_wconf 85' lang='lat' dir='ltr'>non</span> <span class='ocrx_word' id='word_1_241' title='bbox 565 3029 630 3065; x_wconf 81' lang='lat' dir='ltr'>sta</span> <span class='ocrx_word' id='word_1_242' title='bbox 650 3023 720 3064; x_wconf 88' lang='lat' dir='ltr'>nel</span> <span class='ocrx_word' id='word_1_243' title='bbox 744 3023 904 3072; x_wconf 84' lang='lat' dir='ltr'>vivere,</span> <span class='ocrx_word' id='word_1_244' title='bbox 932 3036 1000 3063; x_wconf 84' lang='lat' dir='ltr'>ma</span> <span class='ocrx_word' id='word_1_245' title='bbox 1020 3018 1123 3062; x_wconf 87' lang='lat' dir='ltr'>nell’</span> <span class='ocrx_word' id='word_1_246' title='bbox 1137 3034 1252 3063; x_wconf 85' lang='lat' dir='ltr'>esser</span> <span class='ocrx_word' id='word_1_247' title='bbox 1276 3020 1406 3062; x_wconf 82' lang='lat' dir='ltr'>validi</span> <span class='ocrx_word' id='word_1_248' title='bbox 1429 3023 1553 3073; x_wconf 82' lang='lat' dir='ltr'><em>(ossza</em></span> <span class='ocrx_word' id='word_1_249' title='bbox 1574 3021 1698 3071; x_wconf 81' lang='lat' dir='ltr'><strong>sani).</strong></span> 
     </span>
    </p>
   </div>
  </div>
 </body>
</html>
