2014 3386
89 114 391 184 [16684611]
547 127 820 177 Πῦόἰᾰίεηεα,
845 127 1038 182 fideltei,
1073 128 1252 179 raspetto
1610 127 1694 179 465

88 297 168 338 che
197 298 221 338 ὲ
251 297 392 337 infatti
421 301 623 337 sentenza
657 296 831 346 biblica,
855 309 924 336 ma
943 308 1033 336 non
1054 284 1148 336 cosi*
1164 309 1284 337 come
1305 296 1346 336 la
1369 297 1406 337 si
1426 297 1522 338 suol
1542 297 1690 344 citare;

89 372 242 427 poiche
272 375 296 413 ὲ
325 373 505 412 formata
535 372 648 412 dalla
671 369 866 412 riunione
898 372 943 411 di
973 372 1057 412 due
1078 372 1192 422 testi,
1216 385 1304 412 uno
1326 373 1370 412 di
1394 373 1440 413 S.
1465 374 1645 422 PAOLO,
1673 386 1695 412 e

86 443 119 487 1'
132 446 242 487 altro
265 447 310 487 di
331 447 378 487 S.
403 447 599 487 PIETRO.
627 446 681 485 In
702 459 805 486 vero
827 446 858 485 il
879 446 1017 498 primo
1047 446 1160 486 nella
1182 447 1378 498 Epistola
1400 449 1459 485 ad
1476 447 1688 491 Hebraeos,

88 533 182 573 cap.
217 520 351 569 XIII,
386 533 431 560 v.
472 527 541 569 17,
575 519 689 560 dice:
733 520 916 559 Oboedz‘te
939 522 1185 572 praeposz‘tzs
1214 523 1380 565 vestris,
1417 526 1459 559 et
1486 521 1694 559 subzOEete

87 596 173 638 αξη
213 593 246 633 ἱ1
286 593 475 633 secondo
514 593 627 632 nella
665 595 704 633 I.
738 594 947 645 Epistola,
993 607 1087 646 cap.
1125 605 1164 643 2,
1210 607 1254 634 v.
1295 594 1360 643 18,
1409 594 1526 634 dice:
1569 594 1698 632 Servi

86 669 254 707 subditi
279 673 403 706 estote
434 669 482 706 in
513 670 635 707 omni
662 670 813 707 timore
844 670 1043 713 dominis,
1082 682 1166 707 non
1199 674 1369 707 tantum
1401 670 1519 707 bonis
1547 673 1588 707 et
1607 681 1693 706 mo-

86 744 229 786 destis,
266 744 341 781 sed
368 744 498 781 etiam
529 744 728 795 dyscolis.

144 815 230 856 Del
259 821 374 856 resto
405 828 495 856 non
525 817 549 856 ὲ
578 816 691 856 forse
721 816 835 856 nella
863 816 1020 856 Bibbia
1050 816 1128 870 che
1159 817 1195 855 si
1216 816 1335 867 legge
1355 815 1387 855 il
1407 816 1482 869 piu
1505 829 1693 856 commo-

85 893 212 929 vente
242 890 432 942 esempio
462 889 508 929 di
538 890 878 941 rassegnazione,
910 890 1052 943 quella
1083 890 1128 929 di
1158 903 1218 930 un
1247 890 1500 929 Uomo-Dio
1524 890 1602 930 che
1623 903 1691 930 os—

83 967 286 1015 sequente
317 962 400 1003 alla
430 962 608 1003 volout&
638 964 708 1004 del
745 964 885 1004 Padre
917 978 971 1005 va
1012 970 1303 1005 serenamente
1342 966 1539 1006 incontro
1577 980 1602 1006 a
1632 979 1691 1005 un

82 1036 286 1077 doloroso
316 1037 560 1090 supplizio?
594 1037 685 1078 Che
716 1051 815 1078 cosa
838 1039 883 1078 di
903 1038 977 1091 piu
998 1039 1164 1092 pietoso
1196 1038 1306 1079 delle
1337 1039 1483 1092 parole
1514 1040 1559 1079 di
1580 1040 1687 1080 Lui:

92 1143 246 1192 1608.
287 1140 351 1192 Si
389 1141 638 1208 possible
678 1148 777 1202 est,
806 1148 1058 1192 transeat
1082 1159 1116 1192 a
1147 1158 1239 1192 me
1263 1142 1415 1193 calix
1447 1142 1568 1204 iste,
1594 1159 1691 1193 ve—

362 1236 684 1280 rumtamen
706 1246 821 1280 non
849 1229 995 1280 sicut
1014 1245 1123 1297 ego
1147 1229 1295 1292 volo,
1318 1231 1418 1281 sed
1435 1230 1584 1281 sicut
1606 1238 1686 1282 tu,

739 1316 880 1359 (Vang.
905 1315 949 1349 di
969 1316 1010 1350 S.
1037 1316 1202 1356 Mutuo,
1226 1326 1315 1358 cap.
1340 1316 1489 1355 XXVI,
1515 1327 1551 1349 v.
1576 1316 1644 1357 39).

82 1415 123 1453 Ε
152 1413 282 1467 pochi
312 1413 487 1453 versetti
518 1414 593 1466 piu
625 1418 740 1454 sotto
771 1415 830 1465 (V.
866 1417 961 1467 42):

94 1513 247 1576 1609.
290 1510 419 1561 Fiat
457 1511 725 1564 voluntas
764 1518 880 1562 tua.

140 1630 212 1671 Un
241 1629 472 1683 proverbio
503 1629 676 1680 volgare
708 1629 827 1669 dice:
870 1630 1080 1670 Comandz‘
1107 1632 1182 1670 clzz‘
1194 1634 1300 1683 pub,
1328 1646 1349 1670 e
1371 1633 1592 1672 ubbz'dz'sca
1617 1634 1691 1671 clzz'

78 1707 191 1749 deve,
229 1717 299 1744 ma
328 1704 398 1744 nei
427 1705 644 1744 Promessz'
671 1706 800 1756 Sposz·
834 1705 903 1744 del
934 1706 1167 1745 MANZONI
1200 1708 1309 1758 (cap.
1343 1707 1489 1758 XIV),
1531 1708 1686 1747 Renzo

76 1778 255 1819 alterato
284 1778 356 1819 dal
387 1779 489 1818 vino
520 1779 634 1818 nella
664 1779 820 1819 osteria
851 1779 963 1820 dove
995 1792 1066 1819 era
1086 1780 1244 1820 andato
1265 1794 1290 1820 a
1310 1780 1549 1820 rifocillarsi
1569 1781 1685 1833 dopo

76 1853 91 1892 i
122 1851 295 1892 tumulti
324 1852 533 1902 milanesi‚
569 1853 659 1892 cosi
688 1852 732 1892 lo
763 1853 907 1893 adatta
938 1853 979 1893 ai
1010 1853 1106 1893 suoi
1137 1853 1245 1894 casi:

88 1952 241 2001 1610.
282 1948 576 2001 Comanda
616 1951 708 2001 chi
748 1948 863 2016 pub
903 1967 934 2000 e
974 1949 1272 2001 ubbidisce
1311 1950 1404 2001 chi
1445 1950 1632 2000 vuole.

138 2070 215 2109 Ma
245 2068 315 2110 del
344 2074 459 2110 resto

86 2169 239 2217 1611.
282 2164 388 2217 Chi
427 2182 542 2216 non
583 2182 645 2216 sa
684 2165 964 2226 ubbidire‚
1007 2181 1123 2215 non
1163 2181 1224 2215 sa
1264 2165 1625 2216 comandare.

0 2283 2 2288 ’
75 2284 155 2326 che
183 2286 207 2325 ὲ
228 2285 473 2339 proverbio,
499 2260 589 2324 non
612 2284 837 2335 registrato
868 2283 939 2323 dal
970 2283 1111 2323 Giusti
1142 2282 1255 2323 nella
1275 2284 1476 2323 Raccolta
1507 2285 1558 2322 dz·
1578 2289 1682 2335 pro-

74 2362 197 2400 verbi
223 2362 395 2406 toscanz',
423 2360 454 2399 il
477 2359 602 2413 quale
633 2359 811 2411 registra
832 2358 980 2399 invece
1003 2358 1143 2411 questi
1164 2358 1262 2398 altri
1285 2358 1369 2398 due
1399 2358 1533 2398 molto
1562 2355 1683 2398 affini

0 2442 1 2446 ’
75 2434 200 2487 (ediz.
236 2439 409 2475 sterent.
444 2434 513 2474 del
551 2433 657 2483 1871
694 2446 717 2473 e
748 2432 849 2473 anni
882 2445 1017 2485 segg„
1054 2445 1152 2485 pag.
1192 2432 1311 2483 108):

315 2520 398 2562 Chi
428 2534 517 2561 non
548 2534 595 2561 sa
626 2521 728 2570 sare,
762 2533 851 2560 non
882 2533 929 2561 sa
960 2520 1215 2561 comandare

312 2588 395 2628 Chi
424 2600 513 2628 non
544 2588 589 2627 su
620 2588 739 2627 buon
770 2587 953 2636 somate,
991 2599 1079 2632 non
1110 2589 1204 2627 sarh.
1235 2587 1352 2627 buon
1384 2586 1597 2639 capitano.

76 2685 132 2726 Se
162 2697 216 2725 ne
246 2687 333 2738 pub
364 2690 534 2726 trovare
564 2697 650 2725 una
679 2684 797 2725 sonte
827 2684 1001 2725 classica
1031 2684 1076 2723 in
1107 2696 1165 2724 un
1197 2696 1324 2737 passo
1348 2682 1458 2723 delle
1479 2684 1681 2736 Epz'stoloe

75 2759 119 2799 di
150 2760 320 2800 Fumo
351 2760 498 2811 (VIII,
537 2770 606 2811 14,
633 2760 698 2812 5):
726 2775 745 2796 «
767 2758 875 2799 Inde
894 2757 1202 2799 adulescentuli
1226 2757 1369 2798 statim
1393 2758 1680 2798 castrensibus

82 2908 210 2950 1608.
244 2909 300 2950 Se
322 2909 346 2949 ὲ
371 2907 588 2968 possibile,
618 2908 654 2948 si
675 2907 880 2948 allontani
904 2908 959 2948 da
980 2919 1047 2948 me
1068 2911 1222 2960 questo
1244 2905 1386 2956 calice,
1414 2906 1595 2947 tuttavia
1618 2906 1680 2948 sia

311 2975 416 3015 satta
446 2987 535 3015 non
563 2975 603 3015 la
635 2975 720 3015 mia
751 2974 945 3025 volonth,
979 2986 1047 3014 ma
1078 2969 1240 3015 la'tua.

83 3041 211 3091 1609.
245 3040 318 3081 Sia
346 3041 451 3081 satta
480 3041 521 3081 la
551 3046 624 3082 tua
653 3040 846 3082 volonta.

166 3140 210 3175 ³0
