2014 3386
302 127 386 182 576
885 126 1034 164 Indice
1063 127 1174 165 delle
1193 125 1321 178 frasi

302 299 464 340 Crescit
494 298 652 339 eundo.
694 297 823 347 1687.

302 359 490 400 Crimine
521 360 575 398 ab
607 371 694 398 uno
722 358 728 412 Ι
755 358 886 397 Disce
918 370 1083 398 omnes.
1122 366 1224 406 209.

302 419 528 469 Crucifige,
565 417 764 469 crucifige
795 430 908 459 eum.
950 419 1078 467 1807.

303 479 419 519 Crux
451 479 503 518 de
534 490 672 518 cruce.
713 479 842 529 1148.

301 539 382 579 Cui
425 551 651 578 concessus
691 541 756 577 est
795 537 911 586 finis,
953 548 1154 576 concessa
1196 536 1324 576 etiam
1364 540 1464 575 sunt
1504 534 1643 574 media
1682 533 1736 574 ad
1780 533 1909 573 finem

363 598 575 638 ordinata.
617 606 748 647 1293.

301 658 382 699 Cui
411 658 551 697 licitus
584 662 648 697 est
682 656 796 706 finis,
819 655 882 695 illi
913 655 1012 694 licet
1043 655 1171 694 etiam
1203 655 1392 695 medium
1426 667 1477 694 ex
1508 658 1662 693 natura
1694 665 1771 693 sua
1793 652 1911 692 ordi-

362 723 509 757 natum
541 717 596 757 ad
627 716 755 756 talem
788 715 934 756 finem.
976 724 1104 765 1293.

304 778 385 817 Cui
416 777 590 829 prodest
622 776 776 825 scelus,
810 776 846 815 is
878 774 991 815 fecit.
1027 785 1129 815 210.

303 837 507 890 Cujusvis
538 836 726 876 hominis
759 841 823 875 est
855 847 1009 874 errare.
1045 842 1148 884 977.

304 898 438 950 Cujus
471 897 653 936 vulturis
684 896 767 935 hoc
798 895 878 934 erit
909 894 1123 934 cadaver?
1164 895 1291 944 1819.

302 957 414 999 Cum
433 965 573 996 autem
597 955 791 996 sublatus
809 955 934 994 suerit
954 955 1009 993 ab
1026 953 1179 1002 oculis,
1198 953 1324 993 etiam
1343 953 1427 992 cito
1450 951 1602 992 transit
1619 963 1642 990 e
1659 954 1816 992 mente.
1838 960 1909 1002 39.

303 1018 412 1058 Cum
446 1016 544 1056 finis
577 1021 642 1056 est
672 1016 830 1064 licitus,
865 1015 991 1054 etiam
1023 1013 1163 1053 media
1195 1018 1295 1053 sunt
1327 1013 1457 1052 licita.
1499 1021 1626 1063 1293.

306 1078 415 1117 Cum
447 1076 620 1116 nomine
653 1075 832 1115 Caesaris
865 1086 1007 1114 omen.
1043 1075 1147 1126 948.

306 1137 422 1177 Cuor
452 1137 639 1188 leggero.
675 1145 778 1186 423.

306 1197 434 1237 Curia
464 1209 642 1236 romana
671 1207 760 1234 non
791 1194 898 1246 petit
930 1206 1056 1232 ovem
1089 1192 1181 1232 sine
1212 1191 1325 1232 lana.
1366 1191 1496 1232 1188.

304 1315 431 1355 Dalla
462 1327 571 1354 cuna
603 1312 685 1353 alla
716 1313 863 1352 tomba
895 1312 917 1351 ὲ
949 1323 1008 1350 un
1041 1311 1172 1350 breve
1204 1323 1348 1362 passo.
1388 1311 1488 1359 789.

306 1375 392 1415 Dal
422 1375 544 1428 pigro
576 1387 598 1413 e
630 1386 758 1424 grave
790 1385 946 1421 sonno,
982 1383 1063 1410 ove
1096 1371 1276 1423 sepolta.
1318 1378 1447 1420 1052.

306 1436 391 1475 Dal
423 1447 561 1474 sonno
593 1433 675 1473 alla
705 1437 842 1472 morte
873 1433 895 1471 e
927 1443 987 1470 un
1019 1430 1171 1483 picciol
1202 1443 1347 1471 vareo.
1384 1431 1489 1478 829.

308 1495 392 1534 Dal
424 1499 499 1534 tuo
532 1493 701 1533 stellato
733 1491 887 1543 soglio.
928 1499 1056 1542 1327.

307 1556 376 1594 Da
407 1567 475 1594 me
506 1566 586 1594 son
616 1553 710 1592 fatti
741 1553 755 1590 i
787 1551 886 1591 miei
917 1550 1087 1603 pensier
1119 1549 1295 1590 diversi.
1338 1556 1466 1599 1377.

308 1614 495 1664 Dammi,
533 1613 693 1652 dammi
723 1612 824 1664 quel
853 1612 980 1651 ferro.
1022 1618 1150 1660 1720.

309 1674 483 1714 Dammi
514 1686 573 1713 un
603 1677 740 1725 punto
772 1668 1042 1723 d’appoggio
1074 1682 1096 1709 e
1128 1670 1303 1708 movero
1336 1668 1377 1707 la
1407 1672 1517 1707 terra
1548 1679 1570 1706 e
1601 1666 1632 1706 il
1662 1666 1784 1708 cielo.
1812 1666 1914 1716 298.

310 1735 430 1773 Dans
462 1733 690 1785 cinquante
720 1744 812 1780 ans,
848 1728 1058 1781 l'Europe
1083 1742 1176 1768 sera
1198 1727 1487 1780 republicaine
1509 1740 1565 1767 ou
1587 1739 1786 1778 cosaque.
1812 1737 1916 1778 943.

309 1795 430 1834 Dans
462 1790 712 1833 l'adversite
744 1791 796 1830 de
827 1804 907 1830 nos
939 1789 1154 1829 meilleurs
1186 1788 1308 1838 amis,
1335 1800 1445 1827 nous
1479 1793 1688 1827 trouvons
1722 1785 1918 1838 toujours

370 1853 555 1906 quelque
587 1852 715 1892 chose
747 1850 822 1903 qui
852 1864 906 1890 ne
936 1862 1046 1889 nous
1079 1848 1237 1900 deplait
1269 1861 1360 1900 pas.
1397 1847 1469 1896 69.

310 1913 431 1953 Dans
463 1926 524 1952 un
555 1912 720 1964 grenier
752 1907 891 1962 qu'on
923 1914 988 1948 est
1019 1909 1119 1949 bien
1151 1911 1175 1948 a
1206 1907 1327 1959 vingt
1359 1907 1462 1947 ans!
1505 1914 1634 1956 1172.

310 1973 380 2013 Da
410 1973 539 2014 Scilla
569 1973 614 2011 in
647 1970 839 2011 Cariddi.
882 1977 1010 2019 1737.

313 2033 403 2073 Das
436 2030 803 2084 Ewigweibliche.
841 2040 942 2082 341.

312 2093 514 2146 Date-un
546 2091 677 2131 obolo
709 2104 733 2130 a
764 2089 988 2130 Belisario.
1023 2086 1127 2139 496.

312 2153 400 2193 Dat
433 2152 602 2192 veniam
633 2150 790 2199 corvis,
825 2153 953 2189 vexat
984 2160 1162 2187 censura
1194 2146 1430 2187 columbas.
1470 2155 1571 2186 202.

313 2213 382 2252 Da
412 2213 489 2253 ubi
520 2212 765 2260 consistam,
801 2214 843 2249 et
874 2214 1029 2248 terram
1061 2207 1303 2259 coelumque
1335 2206 1538 2246 movebo.
1579 2206 1680 2256 298.

315 2273 465 2312 Davus
498 2285 610 2320 sum,
645 2283 734 2310 non
766 2269 975 2321 Oedipus,
1017 2275 1145 2317 1417.

313 2333 531 2372 Debbono
561 2332 575 2370 i
609 2330 726 2382 saggi
753 2329 760 2384 Ι
787 2328 1010 2369 Adattarsi
1041 2326 1123 2365 alla
1155 2329 1284 2366 sorte.
1322 2334 1373 2376 25
1383 2333 1423 2377 5.

314 2392 451 2432 Decet
481 2391 771 2431 verecundum
804 2401 896 2428 esse
928 2386 1258 2427 adolescentem.
1296 2393 1397 2436 537.

315 2452 495 2492 Declina
526 2451 556 2489 il
587 2450 763 2496 mondo,
800 2461 823 2488 e
855 2446 1144 2500 peggiorando
1176 2444 1411 2484 invecchia.
1446 2453 1550 2495 410.

315 2512 383 2551 De
415 2512 585 2550 duobus
615 2509 752 2558 malis,
789 2508 930 2548 minus
963 2511 1027 2546 est
1058 2518 1224 2558 semper
1254 2503 1512 2555 eligendum.
1554 2513 1682 2554 1304.

317 2571 469 2623 Degna
496 2571 502 2624 Ι
531 2570 587 2609 Di
619 2582 771 2623 poema
803 2566 1068 2608 chiarissimo
1100 2578 1123 2604 e
1155 2562 1198 2604 d’
1211 2564 1374 2604 istoria.
1415 2564 1542 2614 1489.

317 2631 471 2681 Degno
504 2631 526 2669 ὲ
558 2630 601 2668 di
633 2629 766 2681 gloria
788 2627 890 2682 quei
921 2626 998 2666 che
1030 2626 1137 2664 ruba
1167 2637 1227 2664 un
1258 2636 1405 2674 regno.
1443 2623 1545 2675 516.

317 2690 416 2730 Deh
448 2690 552 2729 sossi
584 2694 630 2728 tu
662 2701 760 2728 men
790 2687 904 2728 bella
934 2700 961 2726 o
993 2685 1133 2725 almen
1163 2685 1238 2738 pisi
1268 2684 1391 2723 sorte.
1425 2691 1554 2735 1054.

320 2750 418 2789 Deh
450 2762 539 2788 non
570 2748 734 2800 parlare
765 2747 805 2786 al
837 2747 1009 2793 misero.
1047 2755 1149 2796 242.

318 2810 402 2849 Dei
434 2821 477 2848 re
509 2808 746 2859 congiurati
777 2807 818 2846 la
849 2812 983 2846 tresca
1017 2804 1117 2844 fini!
1160 2802 1288 2854 1065.

320 2869 403 2908 Dei
434 2868 604 2916 sonetti‚
641 2868 763 2916 corti,
798 2867 852 2905 da
883 2866 945 2904 sar
977 2863 1183 2917 prestino.
1223 2863 1351 2912 1928.

321 2929 388 2968 De
418 2927 458 2967 la
489 2932 688 2967 costanza
719 2939 795 2966 sua
826 2925 960 2965 scudo
991 2924 1045 2964 ed
1076 2923 1276 2972 usbergo.
1315 2930 1415 2971 310.

322 2989 388 3027 De
418 2984 447 3025 1’
462 2987 588 3026 altrui
621 2986 707 3026 fida
739 2998 866 3037 sposa
897 2999 921 3024 a
951 2984 1019 3023 cui
1052 2979 1240 3022 se’caro.
1279 2982 1380 3032 365.

322 3048 388 3090 De
418 3044 628 3097 l'audace‚
662 3058 813 3086 encore
846 3045 898 3084 de
930 3039 1140 3092 l’audace‚
1165 3046 1207 3081 et
1238 3040 1433 3098 toujours
1457 3039 1509 3078 de
1539 3034 1757 3079 l’audace!
1793 3044 1922 3087 1099.

2003 3005 2014 3072 Ξ

1959 3073 2014 3386 j
