2014 3386
258 138 344 190 604
845 140 992 178 Indice
1022 141 1133 179 delle
1151 141 1281 194 frasi

251 306 390 346 Nulla
420 306 443 346 ὲ
472 318 620 346 nuovo
653 311 769 347 sotto
799 306 831 346 il
862 306 968 348 sole.
1003 308 1109 360 406.

250 366 387 406 Nulla
415 366 438 406 ὲ
470 366 546 419 piu
576 379 673 406 raro
704 367 746 407 al
777 367 957 417 mondo,
993 368 1071 408 che
1103 380 1188 408 una
1219 381 1405 421 persona
1431 369 1741 410 abitualmente
1770 383 1870 423 sop-

317 426 547 478 portabile.
585 436 689 479 224.

249 485 385 525 Nulla
413 486 500 526 fere
532 499 660 526 causa
690 490 768 534 est,
801 486 847 526 in
879 499 965 539 qua
995 499 1085 526 non
1117 486 1275 527 semina
1307 488 1426 528 litem
1457 489 1658 530 moverit.
1691 496 1794 541 357.

251 545 386 585 Nulla
414 545 483 586 lex
516 546 618 585 satis
651 546 879 586 commoda
910 547 1113 586 omnibus
1145 551 1227 588 est.
1265 558 1366 600 592.

251 605 385 645 Nulla
414 609 526 645 terra
557 605 732 645 exilium
763 610 842 655 est,
880 607 956 646 sed
987 606 1119 647 altera
1151 607 1304 659 patria.
1346 617 1474 658 1090.

250 665 376 704 Nulli
406 665 590 706 tacuisse
621 670 760 715 nocet,
796 671 924 705 nocet
955 679 1048 706 esse
1078 666 1286 708 locutum.
1328 678 1458 708 1022.

250 725 433 764 Nullum
449 738 543 765 esse
557 726 716 765 librum
738 730 824 765 tam
846 725 1019 775 malum,
1049 730 1097 766 ut
1119 739 1208 766 non
1230 727 1371 779 aliqua
1388 731 1507 779 parte
1529 726 1768 779 prodesset.
1795 737 1864 779 13.

249 784 433 824 Nullum
464 790 529 825 est
554 786 643 838 jam
676 786 855 835 dictum,
889 786 1009 838 quod
1039 799 1128 826 nou
1160 786 1322 826 dictum
1354 786 1410 827 sit
1441 787 1575 840 prius.
1617 796 1745 841 1525.

251 844 434 884 Nullum
467 850 532 884 est
563 846 655 884 sine
686 845 861 885 nomine
892 858 1060 887 saxum.
1097 857 1200 897 292.
1254 883 1261 888 .

249 904 433 944 Nullum
464 918 666 956 magnum
696 905 916 956 ingenium
948 905 1041 945 sine
1072 906 1257 945 mixtura
1287 906 1513 945 dementiae
1545 906 1641 947 fuit.
1677 906 1781 958 685.

249 964 342 1003 Nul
372 960 526 1003 n'aura
557 965 611 1004 de
640 961 822 1017 l'esprit,
855 965 958 1005 hors
989 978 1101 1005 nous
1133 971 1176 1005 et
1205 979 1286 1005 nos
1318 966 1441 1006 amis.
1478 966 1581 1017 699.

248 1024 544 1064 Numerantur
575 1025 689 1064 enim
721 1025 962 1074 sententiae,
995 1038 1085 1065 non
1115 1026 1426 1078 ponderantur.
1461 1026 1565 1067 628.

251 1084 444 1124 Numera
475 1084 619 1124 stellas
652 1085 689 1124 si
720 1089 859 1137 potes.
901 1085 1031 1134 1670.

250 1144 446 1184 Numero
477 1144 582 1184 deus
614 1144 776 1197 impare
806 1145 979 1196 gaudet.
1019 1145 1147 1196 1693.

250 1204 447 1244 Numero
478 1204 686 1256 quindici,
721 1219 746 1244 a
777 1217 904 1245 mano
936 1217 1100 1245 manca.
1139 1212 1267 1255 1730.

251 1264 380 1303 Nunc
411 1264 562 1303 animis
595 1277 722 1316 opus,
757 1265 915 1314 AEnea,
952 1277 1066 1304 nunc
1097 1269 1270 1317 pectore
1303 1264 1445 1305 firmo.
1487 1273 1616 1315 1107.

250 1323 402 1363 Nuovi
433 1324 636 1364 tormenti
667 1337 690 1364 e
719 1325 856 1364 nuovi
887 1324 1151 1365 tormentati.
1192 1332 1320 1376 1773.

250 1383 576 1423 Nutrimentum
609 1384 800 1437 spiritus.
838 1395 911 1436 23.

252 1502 291 1543 O
323 1503 480 1542 animal
511 1502 705 1553 grazioso
737 1516 760 1543 e
791 1503 996 1554 benigno.
1039 1503 1167 1544 1821.

252 1563 291 1603 O
323 1564 465 1602 anima
495 1563 580 1602 mia
612 1563 839 1615 profetica!
882 1563 1011 1604 1860.

252 1622 516 1662 Obbedisco.
558 1622 688 1662 1612.

252 1682 414 1722 Obblio
446 1694 591 1735 preme
623 1682 692 1721 chi
724 1686 881 1735 troppo
913 1679 1067 1722 all'eta
1099 1681 1274 1734 propria
1303 1682 1523 1723 increbbe.
1564 1683 1664 1723 182.

252 1742 442 1782 Obedire
473 1746 644 1794 oportet
675 1743 771 1782 Deo
804 1742 939 1793 magis
971 1755 1101 1794 quam
1134 1741 1403 1782 hominibus.
1443 1752 1572 1793 1311.

251 1802 436 1842 Obedite
467 1801 709 1854 praepositis
743 1802 896 1841 vestris
929 1802 1056 1841 etiam
1089 1801 1302 1854 dyscoles.
1344 1801 1474 1851 1607.

253 1862 304 1902 ‘O
340 1861 442 1928 βίος·
462 1862 638 1915 βραχὺς,
671 1861 700 1914 ἡ
735 1863 785 1902 δὲ
815 1862 954 1915 τέχνη
989 1864 1154 1928 μρικρή.
1188 1871 1293 1913 404.
2004 1852 2014 1935 {²

252 1921 522 1974 Obsequlum
553 1921 731 1971 amicos,
765 1921 924 1961 veritas
958 1921 1106 1960 odlum
1138 1922 1266 1974 parit.
1308 1922 1437 1972 1438.
2000 1937 2014 1980 ᾗ

251 1980 487 2033 Obstupui,
523 1985 819 2033 steteruntque
850 1993 1002 2031 comae,
1037 1986 1080 2021 et
1110 1994 1197 2021 vox
1230 1981 1423 2020 saucibus
1455 1979 1610 2020 haesit.
1651 1979 1780 2021 1116.

252 2040 414 2081 Occhio
446 2053 521 2093 per
553 2040 717 2090 occhio,
756 2041 884 2081 dente
915 2053 990 2093 per
1023 2040 1167 2082 dente.
1206 2041 1309 2091 267.

252 2101 291 2141 O
325 2101 480 2141 Cesare
513 2113 539 2139 o
571 2100 769 2140 Niccolo.
806 2102 912 2153 948.

254 2161 292 2201 O
325 2160 480 2200 Cesare
511 2173 538 2199 o
569 2160 703 2200 nulla.
739 2160 843 2211 948.

253 2220 291 2260 O
323 2219 469 2269 ciechi,
505 2219 537 2258 il
568 2224 688 2259 tanto
721 2219 909 2259 affaticar
942 2218 1020 2259 che
1052 2220 1195 2270 giova.
1231 2221 1335 2270 827.

252 2281 291 2320 O
323 2293 406 2319 con
437 2284 590 2331 questo
623 2293 649 2319 o
683 2293 733 2319 su
765 2284 934 2331 questo.
972 2279 1075 2330 648.

253 2339 416 2380 Oculos
447 2339 609 2379 habent
640 2343 682 2378 et
714 2352 803 2379 non
835 2339 1063 2379 videbunt.
1099 2340 1203 2388 981.

254 2399 439 2439 Oculum
471 2412 550 2451 pro
583 2398 707 2439 oculo
740 2404 781 2438 et
813 2399 985 2438 dentem
1018 2411 1095 2451 pro
1128 2398 1269 2438 dente.
1309 2397 1410 2447 267.

254 2459 438 2499 Oderint
469 2458 573 2497 dum
605 2463 813 2498 metuant.
857 2457 985 2498 1616.

253 2518 340 2558 Odi
372 2518 598 2570 profanum
630 2518 799 2569 vulgus,
837 2523 879 2557 et
910 2530 1048 2558 arceo.
1090 2517 1218 2569 1694.

253 2579 292 2618 O
324 2577 523 2618 dolcezze
554 2578 758 2631 perdute!
795 2590 821 2617 o
853 2577 1072 2617 memorie.
1112 2588 1212 2628 244.

253 2638 292 2678 O
323 2638 582 2677 fortunatam
612 2643 756 2677 natam
788 2645 856 2683 me
886 2636 1062 2676 consule
1095 2637 1300 2675 Romam.
1336 2645 1441 2688 951.

253 2698 291 2737 O
308 2694 539 2737 fresc’aure
555 2697 719 2737 volanti
736 2697 803 2736 sui
819 2696 948 2748 vaghi
975 2695 981 2749 Ι
1011 2695 1269 2736 Ruscelletti
1291 2695 1359 2734 dei
1381 2694 1490 2748 prati
1509 2693 1738 2734 lombardi.
1755 2692 1857 2744 896.

254 2757 365 2807 Oggi
398 2770 422 2796 a
453 2770 521 2796 me
555 2771 577 2796 e
610 2757 785 2796 domani
816 2771 840 2795 a
871 2762 928 2796 te.
968 2765 1069 2806 792.

254 2816 368 2866 Ogni
399 2829 499 2856 cosa
529 2817 684 2856 mortal
711 2815 717 2870 Ι
745 2818 912 2868 Tempo
944 2815 1221 2867 interrompe.
1263 2814 1391 2854 1600.

254 2876 368 2926 Ogni
398 2875 612 2926 dolcezza,
647 2875 749 2927 ogni
779 2875 976 2927 pensiero
1009 2874 1152 2914 umile.
1195 2882 1323 2924 1273.

254 2932 481 2986 Ogn’erba
512 2936 549 2974 si
579 2948 762 2975 conosce
793 2948 868 2988 per
899 2935 942 2974 lo
975 2947 1105 2974 seme.
1140 2944 1246 2985 432.

254 2994 367 3045 Ogni
400 2994 503 3034 vilta
534 2996 717 3034 convien
748 2994 826 3034 che
858 2995 933 3046 qui
964 2995 1026 3034 sia
1058 2998 1210 3033 morta.
1252 3002 1380 3045 1105.

254 3053 413 3105 Ognun
445 3051 529 3093 v'e
562 3055 778 3103 barattier,
815 3054 911 3094 fuor
942 3054 1020 3093 che
1051 3054 1264 3093 Bonturo.
1300 3052 1404 3102 906.
