2014 3386
2 3192 37 3386 *fa-⁶⁴:5⁶3*-
7 3132 25 3172 ω.

735 127 882 165 Indice
913 128 1022 165 delle
1042 126 1171 179 frasi
1663 124 1746 178 615

154 297 289 338 Sento
318 293 350 336 l’
361 309 481 336 orma
510 295 579 336 dei
608 296 724 349 passi
753 297 938 349 spietati.
978 307 1105 350 1925.

155 357 293 397 Senza
322 357 416 396 baci
445 356 620 395 moriste
651 369 674 395 e
706 369 833 396 senza
863 357 1026 409 pianto.
1061 358 1164 408 841.

154 416 320 469 Septies
350 417 463 455 enim
494 416 614 455 cadet
639 414 797 468 justus,
834 422 876 456 et
907 422 1112 467 resurget.
1153 417 1280 467 1657.

154 476 211 516 Se
240 475 382 528 quella
411 487 493 514 con
523 472 591 515 ch'
611 475 653 514 io
686 476 805 527 parlo
835 489 924 515 non
955 477 991 515 si
1022 489 1155 516 secca.
1196 477 1323 517 1028.

153 535 303 576 Sermo
331 534 554 575 hominum
587 547 725 574 mores
757 540 799 575 et
828 535 936 576 celat
965 535 1007 575 et
1038 536 1196 575 indicat
1226 536 1355 576 idem.
1399 545 1522 586 [432.

153 594 288 634 Serva
317 607 400 644 me,
434 595 616 634 servabo
648 599 704 635 te.
746 605 843 647 159.

153 654 336 694 Servum
367 667 513 707 pecus.
548 654 650 694 688.

152 713 346 763 Sesamo,
380 713 531 766 apriti!
573 715 701 763 1850.

152 770 373 823 Se’savio,
405 773 569 812 intendi
601 770 683 812 me’
703 769 826 812 ch'io
857 785 945 812 non
977 773 1169 824 ragiono.
1211 783 1340 823 1229.

152 832 208 871 Se
239 845 319 873 son
350 833 472 885 piene
501 833 541 871 le
572 833 726 872 carceri
757 845 835 871 son
867 837 997 872 vuote
1027 833 1066 872 le
1098 832 1328 885 sepolture.
1363 833 1465 883 613.

153 891 211 931 Se
241 898 473 932 soumettre
503 905 560 932 ou
592 905 636 932 se
668 893 890 933 demettre.
925 900 1028 944 974.
1090 885 1098 891 ’

153 950 270 992 Sette
300 951 443 1003 sigilli.
483 951 611 1003 1758.

152 1010 313 1060 Severi,
348 1009 721 1064 imperscrutabili,
755 1010 971 1063 profondi.
1013 1019 1142 1062 1315.

152 1070 209 1109 Se
237 1070 406 1110 vincere
434 1070 575 1123 ipsum
607 1071 733 1120 longe
763 1075 828 1109 est
858 1067 1172 1110 difficillimum.
1213 1071 1340 1122 1584.

150 1129 236 1169 Sex
266 1130 383 1170 horis
414 1130 599 1169 dormire
631 1135 695 1168 sat
725 1134 790 1169 est
818 1130 1053 1182 juvenique
1083 1130 1275 1181 senique.
1314 1132 1441 1182 1384.

152 1186 271 1229 S'ha
300 1190 354 1229 da
385 1190 554 1229 vincere
585 1202 611 1228 o
643 1189 788 1229 morir.
829 1189 956 1230 1068.

152 1249 269 1289 Siam
298 1249 472 1296 fratelli;
509 1250 614 1288 siam
646 1249 784 1288 stretti
813 1249 869 1288 ad
899 1262 956 1287 un
988 1253 1123 1300 patt0.
1165 1248 1292 1288 1062.

152 1308 297 1349 Siamo
327 1309 492 1349 onesti:
526 1321 616 1348 non
647 1308 798 1347 chiedo
829 1308 955 1349 altro.
995 1317 1122 1357 1207.

151 1368 267 1408 siam
299 1369 460 1417 traditi,
494 1381 520 1406 0
551 1367 711 1419 regina.
751 1368 878 1419 1831.

152 1427 297 1467 Siamo
328 1428 428 1468 tutti
459 1440 544 1466 una
574 1427 665 1467 sola
695 1427 896 1478 samiglia.
936 1437 1063 1478 1094.

150 1486 224 1527 Sia
251 1500 354 1540 pace
383 1487 423 1527 ai
452 1487 549 1526 frati
576 1484 582 1540 Ι
609 1486 778 1526 Purche
809 1486 985 1526 ssratati.
1026 1496 1154 1536 1199.

151 1547 283 1596 Siate,
316 1546 517 1596 cristiani,
553 1560 579 1585 a
608 1547 831 1586 muovervi
862 1547 936 1599 piu
967 1546 1102 1596 gravi.
1142 1545 1269 1596 1605.

150 1605 221 1646 Sic
252 1611 377 1646 erunt
407 1606 630 1646 novissimi
662 1607 804 1658 primi,
835 1611 880 1646 'et
911 1606 1038 1658 primi
1068 1605 1307 1645 novissimi.
1346 1615 1447 1655 231.

149 1665 196 1706 Si
225 1671 333 1706 cette
364 1666 539 1705 canaille
569 1663 644 1705 n’a
675 1679 750 1717 pas
782 1665 834 1705 de
864 1665 978 1718 pain,
1015 1665 1094 1705 elle
1137 1677 1335 1716 mangera
1373 1666 1431 1704 du
1470 1664 1576 1705 soin.
1615 1664 1744 1706 1266.

149 1725 198 1764 Si
226 1725 305 1765 che
335 1722 470 1765 vostr’
486 1730 574 1765 arte
604 1739 629 1765 a
658 1725 745 1765 Dio
776 1726 899 1778 quasi
930 1727 952 1764 ὲ
984 1726 1146 1778 nipote.
1187 1734 1315 1778 1529.

150 1784 223 1825 Sic
252 1786 338 1828 itur
369 1785 423 1825 ad
454 1790 581 1825 astra.
622 1785 737 1825 180..

149 1844 197 1885 Si
226 1857 481 1897 componere
511 1844 674 1895 magnis
706 1857 838 1897 parva
868 1843 974 1883 mihi
1004 1844 1066 1883 fas
1098 1848 1177 1884 est.
1219 1844 1346 1895 1763.

150 1903 236 1953 Sic,
274 1905 333 1944 sic
360 1905 485 1957 juvat
514 1904 575 1943 ire
606 1904 687 1943 sub
718 1905 908 1944 umbras.
944 1904 1048 1954 815.

150 1963 221 2003 Sic
252 1964 404 2003 transit
434 1964 570 2015 gloria
600 1964 766 2003 mundi.
803 1965 907 2004 808.

149 2022 270 2063 Sicut
300 2029 390 2063 erat
418 2023 464 2062 in
495 2023 721 2076 principio.
762 2022 890 2074 1864.

150 2081 271 2122 Sicut
301 2089 452 2131 mater,
485 2083 544 2123 ita
574 2088 617 2122 et
649 2082 736 2122 filia
767 2082 873 2123 eius.
906 2092 1012 2133 433.

149 2141 269 2182 Sicut
299 2142 501 2195 populus,
536 2141 595 2182 sic
627 2142 841 2182 sacerdos.
883 2141 1011 2190 1187.

148 2200 269 2241 Sicut
299 2203 450 2242 umbra
480 2201 570 2241 dies
602 2202 738 2241 nostri
769 2207 869 2241 sunt
900 2213 1027 2253 super
1059 2206 1230 2241 terram.
1268 2202 1368 2252 785.

149 2259 220 2301 Sic
252 2274 331 2301 vos
360 2274 450 2301 non
483 2260 626 2301 vobis.
664 2261 764 2313 506.

149 2319 195 2359 Si
226 2320 368 2361 denuo
399 2321 459 2361 sic
489 2321 687 2360 vincendi
719 2325 818 2360 sunt
849 2319 1054 2369 Romani,
1087 2319 1337 2372 peribimus.
1377 2326 1505 2371 1759.

148 2378 195 2419 Si
224 2379 343 2420 Deus
375 2392 454 2432 pro
484 2380 625 2429 nobis,
661 2381 757 2431 quis
789 2385 936 2419 contra
965 2380 1073 2420 nos?
1112 2388 1239 2430 1313.

148 2437 195 2478 Si
224 2439 336 2479 Dieu
368 2436 586 2479 n’existait
617 2452 709 2491 pas,
744 2439 773 2478 il
805 2438 986 2478 faudrait
1017 2436 1263 2479 l’inventer.
1304 2447 1431 2491 1344.

148 2496 265 2538 Siedi
295 2512 319 2538 e
349 2498 518 2538 savella.
558 2498 686 2549 1832.

149 2556 278 2598 Siena
309 2558 365 2598 mi
399 2554 471 2606 se',
507 2557 723 2597 dissecemi
755 2558 1004 2597 Maremma.
1047 2567 1175 2608 1130.

148 2615 195 2656 Si
225 2622 289 2657 est
320 2617 396 2657 tibi
430 2630 577 2657 servus
612 2617 764 2666 fidelis,
801 2617 855 2656 sit
887 2616 965 2656 tibi
995 2618 1117 2668 quasi
1147 2617 1287 2656 anima
1318 2621 1405 2658 tua.
1443 2616 1545 2658 216.

147 2675 195 2716 Si
225 2677 314 2717 sore
344 2677 410 2716 vis
442 2689 587 2725 sanus,
621 2676 745 2716 ablue
776 2688 889 2728 saepe
919 2688 1085 2716 manus.
1125 2677 1252 2727 1383.

148 2735 343 2788 Signifer,
380 2742 518 2776 statue
549 2736 731 2787 signum,
767 2735 835 2775 hic
867 2735 1131 2775 manebimus
1162 2736 1336 2789 optime.
1374 2745 1475 2787 323.

148 2794 303 2848 Signor
334 2797 386 2836 ne
418 2795 625 2849 principe,
660 2795 701 2835 io
733 2795 775 2835 lo
807 2795 962 2835 vorrei.
1004 2795 1130 2848 1585.

148 2853 342 2906 Signora,
380 2868 424 2895 se
455 2851 613 2895 l‘esser
644 2854 806 2907 piccina
837 2852 1077 2907 d’aspetto.
1120 2863 1218 2905 139.

148 2912 195 2953 Si
224 2915 410 2965 guardan
443 2926 608 2967 sempre
638 2926 660 2954 e
691 2926 778 2953 non
810 2913 846 2953 si
879 2920 1026 2954 toccan
1058 2914 1157 2954 mai.
1199 2912 1325 2962 1787.

148 2971 196 3012 si
224 2972 395 3014 hortum
426 2974 470 3013 in
504 2973 760 3014 bibliotheca
790 2972 939 3022 habes,
973 2973 1107 3013 deerit
1137 2973 1261 3014 nihil.
1299 2983 1370 3026 24.

147 3030 193 3071 Si
211 3031 256 3085 J’e
279 3033 417 3073 savais
436 3045 496 3073 un
518 3039 607 3074 mot
628 3033 724 3086 plus
745 3033 909 3073 cochon
930 3045 1013 3085 que
1034 3033 1199 3078 cochon,
1224 3033 1266 3085 je
1288 3032 1326 3072 le
1347 3031 1582 3073 choisirais.
1612 3030 1739 3082 1846.
