2014 3386
463 110 465 112 .
539 162 542 164 ,
577 121 789 184 Consort'i
814 129 888 169 nel
917 121 1039 175 mali,
1076 136 1159 170 ecc.
1613 131 1666 182 59

110 267 148 336 ἱ«ι
166 298 238 340 On
266 297 474 353 disputait
504 299 606 341 chez
637 285 832 341 madame
873 300 927 340 de
957 298 1264 350 Luxembourg
1306 311 1379 340 sur
1409 311 1456 340 ce
1487 311 1583 347 vers
1617 299 1670 338 de

81 371 210 414 ’abbe
238 372 418 416 Delille:

235 500 295 541 Et
325 512 395 542 ces
427 501 539 542 deux
570 502 726 553 grands
759 501 903 542 debris
936 514 983 543 se
1014 501 1279 544 consolaient
1310 513 1429 543 entre
1460 514 1558 543 eux.

3 653 6 655 “
44 631 68 684 J
91 628 97 632 ⁴
121 635 191 676 On
210 647 403 676 annonce
422 635 463 676 le
482 635 602 676 bailli
623 636 676 676 de
697 636 888 677 Breteuil
909 641 950 677 et
970 636 1165 677 madame
1182 636 1235 677 de
1251 624 1292 677 13
1307 635 1545 677 Revniere:
1569 652 1588 673 «
1608 636 1670 676 Le

51 724 61 749 ε
84 754 87 755 ⁷
116 722 160 750 rs
188 701 431 758 esthon»,
454 710 518 750 dit
547 711 590 750 la
620 710 871 752 marechale.
889 724 914 752 ἃ)

44 785 73 820 ·-.’”
119 784 276 826 Talora
303 785 336 824 il
366 790 563 839 presente
592 786 615 825 e
637 787 727 825 cosi
746 785 950 826 doloroso
971 786 1049 826 che
1070 799 1157 826 non
1180 786 1217 826 si
1246 787 1332 839 pu&
1355 785 1539 827 trovarci
1570 798 1670 826 con-

57 862 173 900 *arto
192 871 239 899 se
257 871 347 899 non
370 860 680 901 rimovendone
700 860 731 899 il
751 860 948 913 pensiero
965 874 988 900 e
1004 861 1130 914 quasi
1143 861 1406 914 imponendo
1423 875 1447 901 a
1468 862 1512 901 se
1534 865 1671 901 stesso

42 929 352 1000 ⁵4’ignorarlo,
384 946 408 975 e
438 939 592 987 questo
625 934 819 987 significa
849 935 881 975 il
913 948 1038 976 verso
1068 936 1244 977 italiano

39 1059 188 1139 2238.
229 1069 406 1123 Grato
445 1069 626 1123 m'e’l
663 1089 844 1124 sonno
882 1089 916 1136 e
953 1068 1055 1140 pisi
1094 1072 1288 1124 l'esser
1327 1071 1386 1123 di
1425 1088 1597 1124 sasso,

43 1276 49 1283 A
74 1246 96 1263 ιι
126 1226 196 1268 cui
218 1240 316 1268 ecco
337 1224 369 1267 1’
385 1227 564 1279 origine.
588 1229 981 1269 MICHELANGELO
1013 1229 1337 1268 BUONARROTI
1358 1241 1494 1268 aveva
1522 1231 1672 1280 ornata

58 1301 104 1349 la
133 1301 351 1356 sepoltura
381 1303 426 1343 di
457 1303 658 1344 Giuliano
690 1301 760 1345 de'
775 1304 954 1355 Medici,
989 1304 1043 1343 da
1074 1304 1135 1344 lui
1165 1304 1269 1343 satta
1289 1304 1334 1343 in
1359 1303 1405 1344 S.
1430 1304 1627 1343 Lorenzo
1648 1315 1673 1342 a

42 1376 256 1432 -3Firenze,
281 1378 326 1418 di
347 1378 430 1419 due
452 1383 604 1428 statue,
630 1378 661 1418 il
682 1379 845 1419 Giorno
867 1392 890 1419 e
910 1379 951 1418 13
971 1380 1125 1429 Notte,
1149 1378 1334 1418 mirabili
1353 1378 1580 1428 ambedue,
1603 1391 1673 1417 ma

44 1450 109 1495 in
137 1452 294 1506 special
324 1454 454 1493 modo
486 1453 527 1493 la
567 1453 766 1503 seconda,
799 1453 878 1493 che
918 1453 950 1493 11
980 1453 1135 1494 Vasari
1167 1453 1334 1502 chiamo
1364 1457 1541 1493 «statua
1581 1465 1673 1492 non

61 1519 172 1576 tnta,
205 1539 275 1567 ma
304 1527 444 1567 unica.
465 1543 484 1560 w
514 1544 533 1564 «
554 1527 718 1567 Pei-che
749 1528 804 1567 da
836 1540 1018 1581 persone
1049 1527 1289 1567 dottissime
1320 1527 1474 1566 surono
1505 1526 1551 1565 in
1571 1526 1671 1566 lode

61 1607 140 1642 'sna
168 1601 263 1641 fatti
293 1601 415 1642 molti
446 1602 560 1641 versi
590 1602 711 1642 latini
741 1616 765 1642 e
795 1602 901 1642 rime
932 1602 1113 1654 volgari,
1147 1614 1266 1642 come
1288 1602 1443 1655 questi,
1471 1597 1539 1641 de’
1556 1599 1674 1654 quali

53 1686 150 1720 non
180 1675 217 1716 si
247 1689 294 1717 sa
324 1673 355 1717 1’
371 1682 519 1717 autore
551 1677 639 1732 [ma
669 1677 692 1717 ὲ
724 1677 834 1717 Gian
865 1677 1049 1717 Battista
1080 1675 1291 1729 Strozzi]·:

298 1805 362 1845 La
390 1804 545 1855 Notte,
578 1804 656 1845 che
688 1809 735 1845 tu
764 1804 863 1845 vedi
895 1805 941 1844 in
972 1805 1010 1844 si
1040 1804 1153 1845 dolci
1184 1804 1262 1845 atti

356 1872 574 1925 Dormire,
608 1872 653 1912 fu
685 1873 739 1912 da
770 1885 830 1912 un
861 1872 1012 1924 angelo
1045 1871 1226 1925 scolpita

355 1939 410 1978 In
441 1944 595 1992 questo
627 1952 767 1986 sasso;
804 1952 827 1979 e
858 1939 1012 1993 perche
1044 1940 1210 1994 dorme,
1244 1938 1299 1979 ha
1330 1938 1443 1987 vita;

357 2006 549 2056 Destala,
584 2019 630 2047 se
660 2018 718 2047 no
739 2006 771 2046 'l
800 2006 931 2058 credi,
966 2020 988 2047 e
1018 2006 1252 2060 parleratti.

60 2135 123 2182 A’
136 2139 253 2195 quali
280 2140 326 2181 in
355 2153 539 2195 persona
569 2139 682 2181 della
711 2141 848 2181 Notte
880 2139 1045 2193 rispose
1075 2138 1408 2191 Michelangiolo
1440 2139 1558 2181 cosi:

301 2268 434 2311 Grato
465 2265 611 2309 m'e’l
641 2281 796 2318 sonno,
830 2280 854 2309 e
884 2268 959 2322 pisi
990 2265 1020 2308 l’
1036 2280 1152 2309 esser
1183 2267 1227 2308 di
1257 2280 1394 2318 sasso,

357 2336 528 2376 Mentre
557 2334 635 2376 che
654 2332 686 2375 ’l
715 2336 859 2375 danno
890 2347 913 2375 e
942 2335 984 2375 la
1016 2347 1232 2387 vergogna
1263 2334 1383 2383 dura,

357 2402 464 2443 Non
493 2402 624 2444 veder
654 2415 744 2444 non
775 2402 907 2443 sentit
938 2399 1035 2443 m’e
1067 2415 1171 2454 gran
1203 2406 1405 2450 ventum

358 2470 471 2511 Pero
501 2482 590 2511 non
621 2470 680 2510 mi
710 2470 874 2510 destar:
912 2469 997 2510 deh
1028 2469 1147 2523 parla
1178 2470 1321 2510 basso.
1344 2484 1363 2505 »

798 2556 997 2599 (νΛεΑιιῐ,
1029 2557 1114 2591 Vita
1136 2557 1180 2591 dt
1202 2557 1262 2591 M.
1285 2557 1331 2591 A.
1355 2555 1624 2598 Buonarrotc).

39 2676 398 2732 „Michelangiolo
418 2678 615 2721 alludeva
634 2679 676 2721 al
695 2679 967 2722 lacrimevole
984 2685 1096 2722 stato
1112 2677 1156 2721 d'
1169 2680 1294 2721 Italia
1314 2680 1359 2721 in
1379 2679 1480 2734 quel
1500 2684 1669 2734 tempo:

19 2800 22 2804 ¹
54 2764 240 2809 ‘coaeva
267 2754 407 2795 inratti
436 2751 468 2795 l’
483 2767 597 2796 anno
623 2763 753 2807 1529,
776 2755 830 2796 ed
851 2755 950 2808 egli,
974 2759 1137 2797 mentre
1157 2755 1360 2796 lavorava
1380 2769 1405 2796 a
1425 2755 1566 2809 quelle
1587 2760 1671 2797 sta-

39 2828 154 2878 stne,
189 2828 363 2869 muniva
393 2829 574 2871 Firenze
604 2830 853 2871 minacciata
884 2827 1127 2871 d’assedio.

75 2930 87 2938 -
124 2901 203 2943 Ma
232 2908 491 2956 soprattutto
521 2904 779 2958 §.doloroso
810 2904 880 2945 nei
910 2905 1049 2957 giomi
1079 2904 1192 2946 della
1223 2909 1425 2945 sventura
1444 2903 1476 2945 il
1501 2903 1670 2945 ricordo

23 2973 138 3038 §.M
156 2981 328 3030 passato
347 2978 474 3020 bene.
498 2978 782 3020 Soavemente
802 2978 846 3020 lo
867 2992 1003 3021 aveva
1023 2979 1091 3033 gi&
1115 2979 1235 3021 detto
1254 2979 1285 3020 il
1308 2984 1457 3021 nostro
1481 2978 1672 3032 maggior

3 3059 7 3110 J
223 3050 269 3092 in
298 3051 399 3105 quei
427 3051 662 3109 dolcissimi
691 3052 827 3097 versi:
