<?xml version="1.0" encoding="UTF-8"?>
<!DOCTYPE html PUBLIC "-//W3C//DTD XHTML 1.0 Transitional//EN"
    "http://www.w3.org/TR/xhtml1/DTD/xhtml1-transitional.dtd">
<html xmlns="http://www.w3.org/1999/xhtml" xml:lang="en" lang="en">
 <head>
  <title>
</title>
<meta http-equiv="Content-Type" content="text/html;charset=utf-8" />
  <meta name='ocr-system' content='tesseract 3.04.00' />
  <meta name='ocr-capabilities' content='ocr_page ocr_carea ocr_par ocr_line ocrx_word'/>
</head>
<body>
  <div class='ocr_page' id='page_1' title='image "./chilhadettobteso00fumauoft_0636.png"; bbox 0 0 2014 3386; ppageno 0'>
   <div class='ocr_carea' id='block_1_1' title="bbox 276 116 1297 174">
    <p class='ocr_par' dir='ltr' id='par_1_1' title="bbox 276 116 1297 174">
     <span class='ocr_line' id='line_1_1' title="bbox 276 116 1297 174; baseline 0 -14"><span class='ocrx_word' id='word_1_1' title='bbox 276 119 361 161; x_wconf 89' lang='lat'>608</span> <span class='ocrx_word' id='word_1_2' title='bbox 860 121 1009 160; x_wconf 84' lang='lat' dir='ltr'><em>Indice</em></span> <span class='ocrx_word' id='word_1_3' title='bbox 1039 122 1149 160; x_wconf 82' lang='lat' dir='ltr'>delle</span> <span class='ocrx_word' id='word_1_4' title='bbox 1168 116 1297 174; x_wconf 79' lang='lat' dir='ltr'><em>frasi</em></span> 
     </span>
    </p>
   </div>
   <div class='ocr_carea' id='block_1_2' title="bbox 270 289 2014 680">
    <p class='ocr_par' dir='ltr' id='par_1_2' title="bbox 272 289 1444 520">
     <span class='ocr_line' id='line_1_2' title="bbox 272 289 1381 343; baseline 0.003 -13"><span class='ocrx_word' id='word_1_5' title='bbox 272 291 357 330; x_wconf 89' lang='lat' dir='ltr'>Per</span> <span class='ocrx_word' id='word_1_6' title='bbox 388 303 528 331; x_wconf 88' lang='lat' dir='ltr'>correr</span> <span class='ocrx_word' id='word_1_7' title='bbox 559 289 746 341; x_wconf 85' lang='lat' dir='ltr'>migliori</span> <span class='ocrx_word' id='word_1_8' title='bbox 775 302 909 343; x_wconf 87' lang='lat' dir='ltr'>acque</span> <span class='ocrx_word' id='word_1_9' title='bbox 938 290 1030 331; x_wconf 89' lang='lat' dir='ltr'>alza</span> <span class='ocrx_word' id='word_1_10' title='bbox 1061 290 1100 331; x_wconf 93' lang='lat' dir='ltr'>le</span> <span class='ocrx_word' id='word_1_11' title='bbox 1131 291 1241 333; x_wconf 87' lang='lat' dir='ltr'>vele.</span> <span class='ocrx_word' id='word_1_12' title='bbox 1277 292 1381 342; x_wconf 89' lang='lat'><strong>679.</strong></span> 
     </span>
     <span class='ocr_line' id='line_1_3' title="bbox 272 350 1388 403; baseline 0.003 -13"><span class='ocrx_word' id='word_1_13' title='bbox 272 350 433 390; x_wconf 90' lang='lat' dir='ltr'>Perder</span> <span class='ocrx_word' id='word_1_14' title='bbox 465 351 549 390; x_wconf 91' lang='lat' dir='ltr'>due</span> <span class='ocrx_word' id='word_1_15' title='bbox 579 350 670 389; x_wconf 88' lang='lat' dir='ltr'>vivi</span> <span class='ocrx_word' id='word_1_16' title='bbox 698 363 774 403; x_wconf 90' lang='lat' dir='ltr'>per</span> <span class='ocrx_word' id='word_1_17' title='bbox 806 350 972 390; x_wconf 85' lang='lat' dir='ltr'>salvare</span> <span class='ocrx_word' id='word_1_18' title='bbox 1001 363 1062 390; x_wconf 88' lang='lat' dir='ltr'>un</span> <span class='ocrx_word' id='word_1_19' title='bbox 1093 356 1250 392; x_wconf 90' lang='lat' dir='ltr'>morto.</span> <span class='ocrx_word' id='word_1_20' title='bbox 1285 352 1388 394; x_wconf 89' lang='lat'><strong>828.</strong></span> 
     </span>
     <span class='ocr_line' id='line_1_4' title="bbox 272 410 1444 463; baseline 0.003 -14"><span class='ocrx_word' id='word_1_21' title='bbox 272 411 419 450; x_wconf 86' lang='lat' dir='ltr'>Perfer</span> <span class='ocrx_word' id='word_1_22' title='bbox 449 415 491 450; x_wconf 90' lang='lat' dir='ltr'>et</span> <span class='ocrx_word' id='word_1_23' title='bbox 523 410 718 451; x_wconf 88' lang='lat' dir='ltr'>obdura:</span> <span class='ocrx_word' id='word_1_24' title='bbox 754 410 891 450; x_wconf 91' lang='lat' dir='ltr'>multo</span> <span class='ocrx_word' id='word_1_25' title='bbox 923 411 1121 462; x_wconf 88' lang='lat' dir='ltr'>graviora</span> <span class='ocrx_word' id='word_1_26' title='bbox 1153 411 1305 454; x_wconf 84' lang='lat' dir='ltr'>tulisti.</span> <span class='ocrx_word' id='word_1_27' title='bbox 1342 422 1444 463; x_wconf 88' lang='lat'>319.</span> 
     </span>
     <span class='ocr_line' id='line_1_5' title="bbox 273 469 820 520; baseline 0.004 -11"><span class='ocrx_word' id='word_1_28' title='bbox 273 470 447 510; x_wconf 88' lang='lat' dir='ltr'>Perfida</span> <span class='ocrx_word' id='word_1_29' title='bbox 477 469 681 510; x_wconf 85' lang='lat' dir='ltr'>Albione.</span> <span class='ocrx_word' id='word_1_30' title='bbox 717 471 820 520; x_wconf 85' lang='lat'>938.</span> 
     </span>
    </p>

    <p class='ocr_par' dir='ltr' id='par_1_3' title="bbox 270 529 2014 680">
     <span class='ocr_line' id='line_1_6' title="bbox 271 529 1999 582; baseline -0.002 -12"><span class='ocrx_word' id='word_1_31' title='bbox 271 531 408 582; x_wconf 87' lang='lat' dir='ltr'>Perge</span> <span class='ocrx_word' id='word_1_32' title='bbox 439 530 655 579; x_wconf 86' lang='lat' dir='ltr'>audacter,</span> <span class='ocrx_word' id='word_1_33' title='bbox 694 530 907 569; x_wconf 84' lang='lat' dir='ltr'>Caesarem</span> <span class='ocrx_word' id='word_1_34' title='bbox 939 529 1079 570; x_wconf 88' lang='lat' dir='ltr'>vehis.</span> <span class='ocrx_word' id='word_1_35' title='bbox 1121 531 1249 572; x_wconf 89' lang='lat'>1118.</span> <span class='ocrx_word' id='word_1_36' title='bbox 1993 563 1999 566; x_wconf 84' lang='lat'>.</span> 
     </span>
     <span class='ocr_line' id='line_1_7' title="bbox 270 589 2014 680; baseline 0.001 -51"><span class='ocrx_word' id='word_1_37' title='bbox 270 589 458 629; x_wconf 89' lang='lat' dir='ltr'>Perinde</span> <span class='ocrx_word' id='word_1_38' title='bbox 489 602 536 629; x_wconf 86' lang='lat' dir='ltr'>ac</span> <span class='ocrx_word' id='word_1_39' title='bbox 568 589 765 630; x_wconf 87' lang='lat' dir='ltr'>cadaver.</span> <span class='ocrx_word' id='word_1_40' title='bbox 807 589 935 641; x_wconf 87' lang='lat'>1615.</span> <span class='ocrx_word' id='word_1_41' title='bbox 1963 614 1969 637; x_wconf 66' lang='grc' dir='ltr'>ς</span> <span class='ocrx_word' id='word_1_42' title='bbox 1992 593 2014 680; x_wconf 40' lang='grc' dir='ltr'>ἦ</span> 
     </span>
    </p>
   </div>
   <div class='ocr_carea' id='block_1_3' title="bbox 1739 0 2014 597">
    <p class='ocr_par' dir='ltr' id='par_1_4' title="bbox 1739 0 2014 597">
     <span class='ocr_line' id='line_1_8' title="bbox 1739 0 2014 597; baseline 0 2789"><span class='ocrx_word' id='word_1_43' title='bbox 1739 0 2014 597; x_wconf 95' lang='lat' dir='ltr'> </span> 
     </span>
    </p>
   </div>
   <div class='ocr_carea' id='block_1_4' title="bbox 255 643 2014 3091">
    <p class='ocr_par' dir='ltr' id='par_1_5' title="bbox 270 643 1519 702">
     <span class='ocr_line' id='line_1_9' title="bbox 270 643 1519 702; baseline 0.002 -13"><span class='ocrx_word' id='word_1_44' title='bbox 270 650 489 689; x_wconf 79' lang='lat' dir='ltr'>Perissent</span> <span class='ocrx_word' id='word_1_45' title='bbox 518 649 580 688; x_wconf 91' lang='lat' dir='ltr'>les</span> <span class='ocrx_word' id='word_1_46' title='bbox 612 649 800 688; x_wconf 89' lang='lat' dir='ltr'>colonies</span> <span class='ocrx_word' id='word_1_47' title='bbox 831 649 973 701; x_wconf 75' lang='lat' dir='ltr'>plutot</span> <span class='ocrx_word' id='word_1_48' title='bbox 1003 643 1144 701; x_wconf 92' lang='lat' dir='ltr'>qu’un</span> <span class='ocrx_word' id='word_1_49' title='bbox 1174 649 1380 702; x_wconf 85' lang='lat' dir='ltr'>principe.</span> <span class='ocrx_word' id='word_1_50' title='bbox 1418 657 1519 702; x_wconf 87' lang='lat'><strong>573.</strong></span> 
     </span>
    </p>

    <p class='ocr_par' dir='ltr' id='par_1_6' title="bbox 270 707 2014 761">
     <span class='ocr_line' id='line_1_10' title="bbox 270 707 2014 761; baseline 0.001 -12"><span class='ocrx_word' id='word_1_51' title='bbox 270 711 355 749; x_wconf 90' lang='lat' dir='ltr'>Per</span> <span class='ocrx_word' id='word_1_52' title='bbox 386 709 427 749; x_wconf 91' lang='lat' dir='ltr'>la</span> <span class='ocrx_word' id='word_1_53' title='bbox 457 709 753 749; x_wconf 90' lang='lat' dir='ltr'>contradizion</span> <span class='ocrx_word' id='word_1_54' title='bbox 785 708 862 748; x_wconf 90' lang='lat' dir='ltr'>che</span> <span class='ocrx_word' id='word_1_55' title='bbox 893 707 968 748; x_wconf 93' lang='lat' dir='ltr'>nol</span> <span class='ocrx_word' id='word_1_56' title='bbox 1000 714 1218 750; x_wconf 89' lang='lat' dir='ltr'>consente.</span> <span class='ocrx_word' id='word_1_57' title='bbox 1259 709 1388 760; x_wconf 89' lang='lat'>1776.</span> <span class='ocrx_word' id='word_1_58' title='bbox 1639 757 1646 761; x_wconf 49' lang='lat'>.</span> <span class='ocrx_word' id='word_1_59' title='bbox 2000 747 2014 759; x_wconf 75' lang='lat'>.-</span> 
     </span>
    </p>

    <p class='ocr_par' dir='ltr' id='par_1_7' title="bbox 271 761 2014 821">
     <span class='ocr_line' id='line_1_11' title="bbox 271 761 2014 821; baseline 0.001 -13"><span class='ocrx_word' id='word_1_60' title='bbox 271 770 355 809; x_wconf 90' lang='lat' dir='ltr'>Per</span> <span class='ocrx_word' id='word_1_61' title='bbox 386 781 453 808; x_wconf 90' lang='lat' dir='ltr'>me</span> <span class='ocrx_word' id='word_1_62' title='bbox 485 769 521 807; x_wconf 88' lang='lat' dir='ltr'>si</span> <span class='ocrx_word' id='word_1_63' title='bbox 553 781 608 808; x_wconf 90' lang='lat' dir='ltr'>va</span> <span class='ocrx_word' id='word_1_64' title='bbox 637 768 751 809; x_wconf 87' lang='lat' dir='ltr'>nella</span> <span class='ocrx_word' id='word_1_65' title='bbox 781 768 882 808; x_wconf 56' lang='lat' dir='ltr'>citt&amp;</span> <span class='ocrx_word' id='word_1_66' title='bbox 914 767 1102 808; x_wconf 89' lang='lat' dir='ltr'>dolente.</span> <span class='ocrx_word' id='word_1_67' title='bbox 1138 770 1243 821; x_wconf 93' lang='lat'>467.</span> <span class='ocrx_word' id='word_1_68' title='bbox 1967 771 1970 775; x_wconf 79' lang='grc'><em>’</em></span> <span class='ocrx_word' id='word_1_69' title='bbox 1999 761 2014 818; x_wconf 72' lang='grc' dir='ltr'>,ξ</span> 
     </span>
    </p>

    <p class='ocr_par' dir='ltr' id='par_1_8' title="bbox 272 826 2014 881">
     <span class='ocr_line' id='line_1_12' title="bbox 272 826 2014 881; baseline -0.001 -13"><span class='ocrx_word' id='word_1_70' title='bbox 272 830 357 869; x_wconf 91' lang='lat' dir='ltr'>Per</span> <span class='ocrx_word' id='word_1_71' title='bbox 388 841 498 881; x_wconf 90' lang='lat' dir='ltr'>poco</span> <span class='ocrx_word' id='word_1_72' title='bbox 530 828 572 868; x_wconf 93' lang='lat' dir='ltr'>io</span> <span class='ocrx_word' id='word_1_73' title='bbox 605 841 658 868; x_wconf 86' lang='lat' dir='ltr'>ve</span> <span class='ocrx_word' id='word_1_74' title='bbox 689 828 732 868; x_wconf 90' lang='lat' dir='ltr'>lo</span> <span class='ocrx_word' id='word_1_75' title='bbox 765 828 838 868; x_wconf 93' lang='lat' dir='ltr'>do.</span> <span class='ocrx_word' id='word_1_76' title='bbox 880 837 1010 878; x_wconf 91' lang='lat'>1902.</span> <span class='ocrx_word' id='word_1_77' title='bbox 1993 826 2014 837; x_wconf 76' lang='lat'>&#39;³</span> 
     </span>
    </p>

    <p class='ocr_par' dir='ltr' id='par_1_9' title="bbox 272 887 1250 942">
     <span class='ocr_line' id='line_1_13' title="bbox 272 887 1250 942; baseline -0.001 -13"><span class='ocrx_word' id='word_1_78' title='bbox 272 891 357 929; x_wconf 90' lang='lat' dir='ltr'>Per</span> <span class='ocrx_word' id='word_1_79' title='bbox 389 888 606 942; x_wconf 86' lang='lat' dir='ltr'>publicam</span> <span class='ocrx_word' id='word_1_80' title='bbox 637 888 750 928; x_wconf 83' lang='lat' dir='ltr'>viam</span> <span class='ocrx_word' id='word_1_81' title='bbox 782 900 837 928; x_wconf 89' lang='lat' dir='ltr'>ne</span> <span class='ocrx_word' id='word_1_82' title='bbox 867 887 1078 928; x_wconf 88' lang='lat' dir='ltr'>ambules.</span> <span class='ocrx_word' id='word_1_83' title='bbox 1120 897 1250 928; x_wconf 89' lang='lat'>1222.</span> 
     </span>
    </p>

    <p class='ocr_par' dir='ltr' id='par_1_10' title="bbox 270 947 1511 1001">
     <span class='ocr_line' id='line_1_14' title="bbox 270 947 1511 1001; baseline 0 -13"><span class='ocrx_word' id='word_1_84' title='bbox 270 950 356 988; x_wconf 90' lang='lat' dir='ltr'>Per</span> <span class='ocrx_word' id='word_1_85' title='bbox 387 961 484 1001; x_wconf 87' lang='lat' dir='ltr'>quae</span> <span class='ocrx_word' id='word_1_86' title='bbox 517 953 664 1000; x_wconf 84' lang='lat' dir='ltr'>peccat</span> <span class='ocrx_word' id='word_1_87' title='bbox 695 947 792 1000; x_wconf 88' lang='lat' dir='ltr'>quis</span> <span class='ocrx_word' id='word_1_88' title='bbox 825 960 899 999; x_wconf 91' lang='lat' dir='ltr'>per</span> <span class='ocrx_word' id='word_1_89' title='bbox 932 947 1025 987; x_wconf 89' lang='lat' dir='ltr'>haec</span> <span class='ocrx_word' id='word_1_90' title='bbox 1055 950 1098 986; x_wconf 82' lang='lat' dir='ltr'>et</span> <span class='ocrx_word' id='word_1_91' title='bbox 1129 951 1369 999; x_wconf 80' lang='lat' dir='ltr'>torquetur.</span> <span class='ocrx_word' id='word_1_92' title='bbox 1408 955 1511 997; x_wconf 87' lang='lat'>270.</span> 
     </span>
    </p>

    <p class='ocr_par' dir='ltr' id='par_1_11' title="bbox 269 1006 1445 1060">
     <span class='ocr_line' id='line_1_15' title="bbox 269 1006 1445 1060; baseline 0 -12"><span class='ocrx_word' id='word_1_93' title='bbox 269 1009 355 1048; x_wconf 89' lang='lat' dir='ltr'>Per</span> <span class='ocrx_word' id='word_1_94' title='bbox 387 1008 522 1048; x_wconf 89' lang='lat' dir='ltr'>servir</span> <span class='ocrx_word' id='word_1_95' title='bbox 553 1020 720 1060; x_wconf 90' lang='lat' dir='ltr'>sempre</span> <span class='ocrx_word' id='word_1_96' title='bbox 752 1021 778 1047; x_wconf 94' lang='lat' dir='ltr'>o</span> <span class='ocrx_word' id='word_1_97' title='bbox 810 1006 1044 1056; x_wconf 87' lang='lat' dir='ltr'>vincitrice,</span> <span class='ocrx_word' id='word_1_98' title='bbox 1081 1019 1108 1046; x_wconf 91' lang='lat'>0</span> <span class='ocrx_word' id='word_1_99' title='bbox 1139 1006 1275 1047; x_wconf 89' lang='lat' dir='ltr'>vinta.</span> <span class='ocrx_word' id='word_1_100' title='bbox 1317 1015 1445 1060; x_wconf 85' lang='lat'>1055.</span> 
     </span>
    </p>

    <p class='ocr_par' dir='ltr' id='par_1_12' title="bbox 269 1066 1636 1121">
     <span class='ocr_line' id='line_1_16' title="bbox 269 1066 1636 1121; baseline 0 -13"><span class='ocrx_word' id='word_1_101' title='bbox 269 1068 510 1121; x_wconf 91' lang='lat' dir='ltr'>Perspicito</span> <span class='ocrx_word' id='word_1_102' title='bbox 541 1072 683 1108; x_wconf 91' lang='lat' dir='ltr'>tecum</span> <span class='ocrx_word' id='word_1_103' title='bbox 714 1067 867 1107; x_wconf 88' lang='lat' dir='ltr'>tacitus</span> <span class='ocrx_word' id='word_1_104' title='bbox 899 1066 1005 1119; x_wconf 92' lang='lat' dir='ltr'>quid</span> <span class='ocrx_word' id='word_1_105' title='bbox 1036 1066 1218 1119; x_wconf 91' lang='lat' dir='ltr'>quisque</span> <span class='ocrx_word' id='word_1_106' title='bbox 1249 1067 1467 1119; x_wconf 89' lang='lat' dir='ltr'>loquatur.</span> <span class='ocrx_word' id='word_1_107' title='bbox 1508 1077 1636 1119; x_wconf 86' lang='lat'>1432.</span> 
     </span>
    </p>

    <p class='ocr_par' dir='ltr' id='par_1_13' title="bbox 270 1127 1417 1180">
     <span class='ocr_line' id='line_1_17' title="bbox 270 1127 1417 1180; baseline 0 -12"><span class='ocrx_word' id='word_1_108' title='bbox 270 1128 552 1177; x_wconf 84' lang='lat' dir='ltr'>Persuadere,</span> <span class='ocrx_word' id='word_1_109' title='bbox 589 1127 843 1168; x_wconf 89' lang='lat' dir='ltr'>convincere</span> <span class='ocrx_word' id='word_1_110' title='bbox 874 1139 897 1166; x_wconf 91' lang='lat' dir='ltr'>e</span> <span class='ocrx_word' id='word_1_111' title='bbox 928 1139 1246 1168; x_wconf 88' lang='lat' dir='ltr'>commuovere.</span> <span class='ocrx_word' id='word_1_112' title='bbox 1287 1137 1417 1180; x_wconf 88' lang='lat'>1513.</span> 
     </span>
    </p>

    <p class='ocr_par' dir='ltr' id='par_1_14' title="bbox 269 1186 1546 1240">
     <span class='ocr_line' id='line_1_18' title="bbox 269 1186 1546 1240; baseline 0 -13"><span class='ocrx_word' id='word_1_113' title='bbox 269 1190 354 1228; x_wconf 91' lang='lat' dir='ltr'>Per</span> <span class='ocrx_word' id='word_1_114' title='bbox 386 1188 530 1227; x_wconf 88' lang='lat' dir='ltr'>varios</span> <span class='ocrx_word' id='word_1_115' title='bbox 562 1200 700 1236; x_wconf 89' lang='lat' dir='ltr'>casus,</span> <span class='ocrx_word' id='word_1_116' title='bbox 737 1199 812 1240; x_wconf 91' lang='lat' dir='ltr'>per</span> <span class='ocrx_word' id='word_1_117' title='bbox 844 1191 909 1226; x_wconf 89' lang='lat' dir='ltr'>tot</span> <span class='ocrx_word' id='word_1_118' title='bbox 941 1186 1186 1226; x_wconf 90' lang='lat' dir='ltr'>discrimina</span> <span class='ocrx_word' id='word_1_119' title='bbox 1218 1199 1376 1228; x_wconf 88' lang='lat' dir='ltr'>rerum.</span> <span class='ocrx_word' id='word_1_120' title='bbox 1416 1187 1546 1237; x_wconf 90' lang='lat'>1683.</span> 
     </span>
    </p>

    <p class='ocr_par' dir='ltr' id='par_1_15' title="bbox 269 1244 1483 1299">
     <span class='ocr_line' id='line_1_19' title="bbox 269 1244 1483 1299; baseline 0 -12"><span class='ocrx_word' id='word_1_121' title='bbox 269 1249 353 1288; x_wconf 91' lang='lat' dir='ltr'>Per</span> <span class='ocrx_word' id='word_1_122' title='bbox 384 1247 533 1298; x_wconf 86' lang='lat' dir='ltr'>volger</span> <span class='ocrx_word' id='word_1_123' title='bbox 565 1244 610 1286; x_wconf 88' lang='lat' dir='ltr'>d’</span> <span class='ocrx_word' id='word_1_124' title='bbox 625 1246 726 1286; x_wconf 87' lang='lat' dir='ltr'>anni</span> <span class='ocrx_word' id='word_1_125' title='bbox 757 1260 784 1286; x_wconf 94' lang='lat'>0</span> <span class='ocrx_word' id='word_1_126' title='bbox 815 1259 890 1299; x_wconf 90' lang='lat' dir='ltr'>per</span> <span class='ocrx_word' id='word_1_127' title='bbox 921 1246 1091 1297; x_wconf 87' lang='lat' dir='ltr'>cangiar</span> <span class='ocrx_word' id='word_1_128' title='bbox 1123 1246 1169 1285; x_wconf 90' lang='lat' dir='ltr'>di</span> <span class='ocrx_word' id='word_1_129' title='bbox 1200 1246 1314 1298; x_wconf 90' lang='lat' dir='ltr'>pelo.</span> <span class='ocrx_word' id='word_1_130' title='bbox 1354 1247 1483 1298; x_wconf 88' lang='lat'>1603.</span> 
     </span>
    </p>

    <p class='ocr_par' dir='ltr' id='par_1_16' title="bbox 267 1306 1194 1359">
     <span class='ocr_line' id='line_1_20' title="bbox 267 1306 1194 1359; baseline -0.001 -11"><span class='ocrx_word' id='word_1_131' title='bbox 267 1308 549 1359; x_wconf 87' lang='lat' dir='ltr'>Petimusque</span> <span class='ocrx_word' id='word_1_132' title='bbox 580 1307 817 1359; x_wconf 89' lang='lat' dir='ltr'>damusque</span> <span class='ocrx_word' id='word_1_133' title='bbox 848 1306 1054 1346; x_wconf 87' lang='lat' dir='ltr'>vicissim.</span> <span class='ocrx_word' id='word_1_134' title='bbox 1095 1306 1194 1358; x_wconf 89' lang='lat'>164.</span> 
     </span>
    </p>

    <p class='ocr_par' dir='ltr' id='par_1_17' title="bbox 268 1357 1304 1419">
     <span class='ocr_line' id='line_1_21' title="bbox 268 1357 1304 1419; baseline -0.001 -12"><span class='ocrx_word' id='word_1_135' title='bbox 268 1367 386 1408; x_wconf 85' lang='lat' dir='ltr'>Petit</span> <span class='ocrx_word' id='word_1_136' title='bbox 417 1357 519 1407; x_wconf 79' lang='lat' dir='ltr'>Etat</span> <span class='ocrx_word' id='word_1_137' title='bbox 549 1367 660 1407; x_wconf 77' lang='lat' dir='ltr'>situe</span> <span class='ocrx_word' id='word_1_138' title='bbox 691 1380 746 1406; x_wconf 85' lang='lat' dir='ltr'>au</span> <span class='ocrx_word' id='word_1_139' title='bbox 776 1366 876 1419; x_wconf 90' lang='lat' dir='ltr'>pied</span> <span class='ocrx_word' id='word_1_140' title='bbox 907 1366 982 1406; x_wconf 90' lang='lat' dir='ltr'>des</span> <span class='ocrx_word' id='word_1_141' title='bbox 1013 1365 1166 1418; x_wconf 92' lang='lat' dir='ltr'>Alpes.</span> <span class='ocrx_word' id='word_1_142' title='bbox 1202 1365 1304 1418; x_wconf 90' lang='lat'>891.</span> 
     </span>
    </p>

    <p class='ocr_par' dir='ltr' id='par_1_18' title="bbox 268 1426 1179 1480">
     <span class='ocr_line' id='line_1_22' title="bbox 268 1426 1179 1480; baseline -0.001 -13"><span class='ocrx_word' id='word_1_143' title='bbox 268 1427 384 1468; x_wconf 88' lang='lat' dir='ltr'>Petit</span> <span class='ocrx_word' id='word_1_144' title='bbox 415 1427 591 1480; x_wconf 92' lang='lat' dir='ltr'>poisson</span> <span class='ocrx_word' id='word_1_145' title='bbox 623 1427 855 1466; x_wconf 86' lang='lat' dir='ltr'>deviendra</span> <span class='ocrx_word' id='word_1_146' title='bbox 887 1426 1038 1477; x_wconf 87' lang='lat' dir='ltr'>grand.</span> <span class='ocrx_word' id='word_1_147' title='bbox 1080 1426 1179 1466; x_wconf 87' lang='lat'>161.</span> 
     </span>
    </p>

    <p class='ocr_par' dir='ltr' id='par_1_19' title="bbox 267 1486 1046 1538">
     <span class='ocr_line' id='line_1_23' title="bbox 267 1486 1046 1538; baseline 0 -11"><span class='ocrx_word' id='word_1_148' title='bbox 267 1488 424 1536; x_wconf 87' lang='lat' dir='ltr'>Petite,</span> <span class='ocrx_word' id='word_1_149' title='bbox 458 1491 501 1526; x_wconf 89' lang='lat' dir='ltr'>et</span> <span class='ocrx_word' id='word_1_150' title='bbox 532 1486 704 1526; x_wconf 90' lang='lat' dir='ltr'>dabitur</span> <span class='ocrx_word' id='word_1_151' title='bbox 736 1487 878 1526; x_wconf 88' lang='lat' dir='ltr'>vobis.</span> <span class='ocrx_word' id='word_1_152' title='bbox 918 1486 1046 1538; x_wconf 88' lang='lat'>1556.</span> 
     </span>
    </p>

    <p class='ocr_par' dir='ltr' id='par_1_20' title="bbox 267 1545 1979 1601">
     <span class='ocr_line' id='line_1_24' title="bbox 267 1545 1979 1601; baseline -0.001 -14"><span class='ocrx_word' id='word_1_153' title='bbox 267 1548 360 1587; x_wconf 90' lang='lat' dir='ltr'>Peu</span> <span class='ocrx_word' id='word_1_154' title='bbox 391 1547 445 1586; x_wconf 89' lang='lat' dir='ltr'>de</span> <span class='ocrx_word' id='word_1_155' title='bbox 475 1559 594 1598; x_wconf 88' lang='lat' dir='ltr'>gens,</span> <span class='ocrx_word' id='word_1_156' title='bbox 633 1551 784 1586; x_wconf 88' lang='lat' dir='ltr'>savent</span> <span class='ocrx_word' id='word_1_157' title='bbox 815 1547 904 1586; x_wconf 72' lang='lat' dir='ltr'>etre</span> <span class='ocrx_word' id='word_1_158' title='bbox 935 1547 1080 1586; x_wconf 84' lang='lat' dir='ltr'>vieux.</span> <span class='ocrx_word' id='word_1_159' title='bbox 1115 1545 1216 1597; x_wconf 87' lang='lat'>556.</span> <span class='ocrx_word' id='word_1_160' title='bbox 1912 1596 1914 1598; x_wconf 17' lang='lat' dir='ltr'>v</span> <span class='ocrx_word' id='word_1_161' title='bbox 1974 1592 1979 1601; x_wconf 77' lang='lat'>.</span> 
     </span>
    </p>

    <p class='ocr_par' dir='ltr' id='par_1_21' title="bbox 267 1603 1870 1658">
     <span class='ocr_line' id='line_1_25' title="bbox 267 1603 1870 1658; baseline 0 -11"><span class='ocrx_word' id='word_1_162' title='bbox 267 1608 364 1652; x_wconf 55' lang='lat' dir='ltr'>Peu,</span> <span class='ocrx_word' id='word_1_163' title='bbox 391 1603 636 1646; x_wconf 88' lang='lat' dir='ltr'>d&#39;hommes</span> <span class='ocrx_word' id='word_1_164' title='bbox 669 1611 745 1646; x_wconf 92' lang='lat' dir='ltr'>ont</span> <span class='ocrx_word' id='word_1_165' title='bbox 776 1608 865 1646; x_wconf 82' lang='lat' dir='ltr'>este</span> <span class='ocrx_word' id='word_1_166' title='bbox 903 1606 1089 1646; x_wconf 90' lang='lat' dir='ltr'>admirez</span> <span class='ocrx_word' id='word_1_167' title='bbox 1128 1619 1205 1658; x_wconf 90' lang='lat' dir='ltr'>par</span> <span class='ocrx_word' id='word_1_168' title='bbox 1235 1605 1349 1646; x_wconf 90' lang='lat' dir='ltr'>leurs</span> <span class='ocrx_word' id='word_1_169' title='bbox 1390 1604 1700 1658; x_wconf 79' lang='lat' dir='ltr'>domestiqueS.</span> <span class='ocrx_word' id='word_1_170' title='bbox 1741 1604 1870 1654; x_wconf 83' lang='lat'>1296.</span> 
     </span>
    </p>

    <p class='ocr_par' dir='ltr' id='par_1_22' title="bbox 267 1666 1363 1718">
     <span class='ocr_line' id='line_1_26' title="bbox 267 1666 1363 1718; baseline 0 -12"><span class='ocrx_word' id='word_1_171' title='bbox 267 1668 360 1707; x_wconf 90' lang='lat' dir='ltr'>Peu</span> <span class='ocrx_word' id='word_1_172' title='bbox 391 1679 444 1706; x_wconf 91' lang='lat' dir='ltr'>en</span> <span class='ocrx_word' id='word_1_173' title='bbox 475 1670 683 1716; x_wconf 89' lang='lat' dir='ltr'>meurent,</span> <span class='ocrx_word' id='word_1_174' title='bbox 721 1667 943 1718; x_wconf 86' lang='lat' dir='ltr'>beaucoup</span> <span class='ocrx_word' id='word_1_175' title='bbox 975 1678 1028 1705; x_wconf 88' lang='lat' dir='ltr'>en</span> <span class='ocrx_word' id='word_1_176' title='bbox 1059 1666 1224 1706; x_wconf 89' lang='lat' dir='ltr'>vivent.</span> <span class='ocrx_word' id='word_1_177' title='bbox 1262 1667 1363 1718; x_wconf 89' lang='lat'>364.</span> 
     </span>
    </p>

    <p class='ocr_par' dir='ltr' id='par_1_23' title="bbox 268 1727 916 1779">
     <span class='ocr_line' id='line_1_27' title="bbox 268 1727 916 1779; baseline 0 -13"><span class='ocrx_word' id='word_1_178' title='bbox 268 1727 397 1766; x_wconf 89' lang='lat' dir='ltr'>Piace</span> <span class='ocrx_word' id='word_1_179' title='bbox 428 1740 452 1765; x_wconf 91' lang='lat' dir='ltr'>a</span> <span class='ocrx_word' id='word_1_180' title='bbox 484 1739 552 1766; x_wconf 93' lang='lat' dir='ltr'>me</span> <span class='ocrx_word' id='word_1_181' title='bbox 583 1739 606 1765; x_wconf 91' lang='lat' dir='ltr'>e</span> <span class='ocrx_word' id='word_1_182' title='bbox 638 1727 775 1766; x_wconf 88' lang='lat' dir='ltr'>basta.</span> <span class='ocrx_word' id='word_1_183' title='bbox 812 1735 916 1779; x_wconf 89' lang='lat'>954.</span> 
     </span>
    </p>

    <p class='ocr_par' dir='ltr' id='par_1_24' title="bbox 266 1786 775 1827">
     <span class='ocr_line' id='line_1_28' title="bbox 266 1786 775 1827; baseline 0 -1"><span class='ocrx_word' id='word_1_184' title='bbox 266 1787 345 1826; x_wconf 83' lang='lat' dir='ltr'>Pia</span> <span class='ocrx_word' id='word_1_185' title='bbox 376 1786 603 1826; x_wconf 89' lang='lat' dir='ltr'>desideria.</span> <span class='ocrx_word' id='word_1_186' title='bbox 645 1787 775 1827; x_wconf 90' lang='lat'>1801.</span> 
     </span>
    </p>

    <p class='ocr_par' dir='ltr' id='par_1_25' title="bbox 266 1844 1263 1899">
     <span class='ocr_line' id='line_1_29' title="bbox 266 1844 1263 1899; baseline 0 -14"><span class='ocrx_word' id='word_1_187' title='bbox 266 1847 421 1895; x_wconf 90' lang='lat' dir='ltr'>Piano,</span> <span class='ocrx_word' id='word_1_188' title='bbox 455 1845 706 1898; x_wconf 90' lang='lat' dir='ltr'>pianissimo</span> <span class='ocrx_word' id='word_1_189' title='bbox 733 1844 740 1899; x_wconf 88' lang='grc' dir='ltr'>Ι</span> <span class='ocrx_word' id='word_1_190' title='bbox 768 1845 907 1885; x_wconf 89' lang='lat' dir='ltr'>Senza</span> <span class='ocrx_word' id='word_1_191' title='bbox 937 1844 1093 1897; x_wconf 88' lang='lat' dir='ltr'>parlar.</span> <span class='ocrx_word' id='word_1_192' title='bbox 1134 1844 1263 1895; x_wconf 89' lang='lat'>1036.</span> 
     </span>
    </p>

    <p class='ocr_par' dir='ltr' id='par_1_26' title="bbox 267 1901 1158 1958">
     <span class='ocr_line' id='line_1_30' title="bbox 267 1901 1158 1958; baseline -0.001 -13"><span class='ocrx_word' id='word_1_193' title='bbox 267 1905 441 1945; x_wconf 90' lang='lat' dir='ltr'>Piecolo</span> <span class='ocrx_word' id='word_1_194' title='bbox 473 1918 599 1958; x_wconf 89' lang='lat' dir='ltr'>paese</span> <span class='ocrx_word' id='word_1_195' title='bbox 630 1919 653 1944; x_wconf 93' lang='lat' dir='ltr'>a</span> <span class='ocrx_word' id='word_1_196' title='bbox 685 1901 1018 1958; x_wconf 88' lang='lat' dir='ltr'>pie&#39;dell&#39;Alpi.</span> <span class='ocrx_word' id='word_1_197' title='bbox 1053 1904 1158 1954; x_wconf 92' lang='lat'>891.</span> 
     </span>
    </p>

    <p class='ocr_par' dir='ltr' id='par_1_27' title="bbox 266 1961 1873 2078">
     <span class='ocr_line' id='line_1_31' title="bbox 266 1961 1873 2019; baseline -0.002 -14"><span class='ocrx_word' id='word_1_198' title='bbox 266 1965 510 2005; x_wconf 86' lang='lat' dir='ltr'>Pictoribus</span> <span class='ocrx_word' id='word_1_199' title='bbox 559 1970 687 2017; x_wconf 85' lang='lat' dir='ltr'>atque</span> <span class='ocrx_word' id='word_1_200' title='bbox 721 1965 859 2018; x_wconf 92' lang='lat' dir='ltr'>poetis</span> <span class='ocrx_word' id='word_1_201' title='bbox 887 1962 894 2019; x_wconf 85' lang='grc' dir='ltr'>Ι</span> <span class='ocrx_word' id='word_1_202' title='bbox 922 1963 1146 2016; x_wconf 76' lang='lat' dir='ltr'>Quidlibet</span> <span class='ocrx_word' id='word_1_203' title='bbox 1191 1963 1379 2003; x_wconf 88' lang='lat' dir='ltr'>audendi</span> <span class='ocrx_word' id='word_1_204' title='bbox 1424 1975 1596 2015; x_wconf 90' lang='lat' dir='ltr'>semper</span> <span class='ocrx_word' id='word_1_205' title='bbox 1636 1961 1718 2002; x_wconf 86' lang='lat' dir='ltr'>fuit</span> <span class='ocrx_word' id='word_1_206' title='bbox 1748 1973 1873 2015; x_wconf 76' lang='lat' dir='ltr'>aequa</span> 
     </span>
     <span class='ocr_line' id='line_1_32' title="bbox 329 2029 706 2078; baseline -0.003 -13"><span class='ocrx_word' id='word_1_207' title='bbox 329 2029 536 2078; x_wconf 87' lang='lat' dir='ltr'>potestas.</span> <span class='ocrx_word' id='word_1_208' title='bbox 578 2033 706 2076; x_wconf 89' lang='lat'>1531.</span> 
     </span>
    </p>

    <p class='ocr_par' dir='ltr' id='par_1_28' title="bbox 266 2083 975 2136">
     <span class='ocr_line' id='line_1_33' title="bbox 266 2083 975 2136; baseline -0.001 -11"><span class='ocrx_word' id='word_1_209' title='bbox 266 2085 411 2126; x_wconf 87' lang='lat' dir='ltr'>Pietra</span> <span class='ocrx_word' id='word_1_210' title='bbox 443 2085 556 2125; x_wconf 91' lang='lat' dir='ltr'>dello</span> <span class='ocrx_word' id='word_1_211' title='bbox 588 2083 805 2124; x_wconf 87' lang='lat' dir='ltr'>scandalo.</span> <span class='ocrx_word' id='word_1_212' title='bbox 846 2091 975 2136; x_wconf 91' lang='lat'>1753.</span> 
     </span>
    </p>

    <p class='ocr_par' dir='ltr' id='par_1_29' title="bbox 265 2143 1261 2196">
     <span class='ocr_line' id='line_1_34' title="bbox 265 2143 1261 2196; baseline -0.001 -12"><span class='ocrx_word' id='word_1_213' title='bbox 265 2145 406 2196; x_wconf 87' lang='lat' dir='ltr'>Piglia</span> <span class='ocrx_word' id='word_1_214' title='bbox 437 2144 506 2184; x_wconf 91' lang='lat' dir='ltr'>del</span> <span class='ocrx_word' id='word_1_215' title='bbox 538 2144 664 2196; x_wconf 88' lang='lat' dir='ltr'>legno</span> <span class='ocrx_word' id='word_1_216' title='bbox 695 2157 719 2184; x_wconf 90' lang='lat' dir='ltr'>e</span> <span class='ocrx_word' id='word_1_217' title='bbox 749 2144 876 2183; x_wconf 84' lang='lat' dir='ltr'>sanne</span> <span class='ocrx_word' id='word_1_218' title='bbox 907 2156 996 2183; x_wconf 92' lang='lat' dir='ltr'>uno</span> <span class='ocrx_word' id='word_1_219' title='bbox 1027 2147 1091 2182; x_wconf 88' lang='lat' dir='ltr'>tu.</span> <span class='ocrx_word' id='word_1_220' title='bbox 1132 2143 1261 2195; x_wconf 88' lang='lat'>1824.</span> 
     </span>
    </p>

    <p class='ocr_par' dir='ltr' id='par_1_30' title="bbox 263 2204 1107 2256">
     <span class='ocr_line' id='line_1_35' title="bbox 263 2204 1107 2256; baseline -0.001 -12"><span class='ocrx_word' id='word_1_221' title='bbox 263 2204 447 2256; x_wconf 89' lang='lat' dir='ltr'>Piglialo</span> <span class='ocrx_word' id='word_1_222' title='bbox 480 2218 544 2254; x_wconf 89' lang='lat' dir='ltr'>su,</span> <span class='ocrx_word' id='word_1_223' title='bbox 583 2205 728 2255; x_wconf 89' lang='lat' dir='ltr'>signor</span> <span class='ocrx_word' id='word_1_224' title='bbox 760 2204 937 2243; x_wconf 73' lang='lat' dir='ltr'>Monsu.</span> <span class='ocrx_word' id='word_1_225' title='bbox 978 2212 1107 2252; x_wconf 91' lang='lat'>1911.</span> 
     </span>
    </p>

    <p class='ocr_par' dir='ltr' id='par_1_31' title="bbox 265 2264 648 2305">
     <span class='ocr_line' id='line_1_36' title="bbox 265 2264 648 2305; baseline 0.003 -1"><span class='ocrx_word' id='word_1_226' title='bbox 265 2265 348 2304; x_wconf 89' lang='lat' dir='ltr'>Pio</span> <span class='ocrx_word' id='word_1_227' title='bbox 381 2266 509 2305; x_wconf 90' lang='lat' dir='ltr'>bove.</span> <span class='ocrx_word' id='word_1_228' title='bbox 546 2264 648 2305; x_wconf 88' lang='lat'>280.</span> 
     </span>
    </p>

    <p class='ocr_par' dir='ltr' id='par_1_32' title="bbox 265 2320 1236 2378">
     <span class='ocr_line' id='line_1_37' title="bbox 265 2320 1236 2378; baseline -0.002 -14"><span class='ocrx_word' id='word_1_229' title='bbox 265 2325 349 2364; x_wconf 74' lang='lat' dir='ltr'>Pin</span> <span class='ocrx_word' id='word_1_230' title='bbox 380 2320 481 2364; x_wconf 89' lang='lat' dir='ltr'>dell&#39;</span> <span class='ocrx_word' id='word_1_231' title='bbox 497 2337 636 2364; x_wconf 89' lang='lat' dir='ltr'>essere</span> <span class='ocrx_word' id='word_1_232' title='bbox 665 2323 671 2378; x_wconf 85' lang='grc' dir='ltr'>Ι</span> <span class='ocrx_word' id='word_1_233' title='bbox 700 2323 839 2364; x_wconf 87' lang='lat' dir='ltr'>Conta</span> <span class='ocrx_word' id='word_1_234' title='bbox 870 2322 901 2361; x_wconf 96' lang='lat' dir='ltr'>il</span> <span class='ocrx_word' id='word_1_235' title='bbox 932 2335 1096 2375; x_wconf 88' lang='lat' dir='ltr'>parere.</span> <span class='ocrx_word' id='word_1_236' title='bbox 1131 2329 1236 2373; x_wconf 90' lang='lat'>417.</span> 
     </span>
    </p>

    <p class='ocr_par' dir='ltr' id='par_1_33' title="bbox 263 2383 1317 2434">
     <span class='ocr_line' id='line_1_38' title="bbox 263 2383 1317 2434; baseline -0.002 -10"><span class='ocrx_word' id='word_1_237' title='bbox 263 2385 348 2424; x_wconf 69' lang='lat' dir='ltr'>Pif1</span> <span class='ocrx_word' id='word_1_238' title='bbox 378 2385 401 2424; x_wconf 82' lang='grc' dir='ltr'>ὲ</span> <span class='ocrx_word' id='word_1_239' title='bbox 433 2389 559 2433; x_wconf 89' lang='lat' dir='ltr'>tacer,</span> <span class='ocrx_word' id='word_1_240' title='bbox 597 2384 675 2424; x_wconf 89' lang='lat' dir='ltr'>che</span> <span class='ocrx_word' id='word_1_241' title='bbox 705 2383 942 2434; x_wconf 88' lang='lat' dir='ltr'>ragionare‚</span> <span class='ocrx_word' id='word_1_242' title='bbox 976 2387 1145 2422; x_wconf 87' lang='lat' dir='ltr'>onesto.</span> <span class='ocrx_word' id='word_1_243' title='bbox 1187 2391 1317 2422; x_wconf 92' lang='lat'>1010.</span> 
     </span>
    </p>

    <p class='ocr_par' dir='ltr' id='par_1_34' title="bbox 265 2441 1212 2494">
     <span class='ocr_line' id='line_1_39' title="bbox 265 2441 1212 2494; baseline -0.002 -11"><span class='ocrx_word' id='word_1_244' title='bbox 265 2444 351 2483; x_wconf 71' lang='lat' dir='ltr'>Pisi</span> <span class='ocrx_word' id='word_1_245' title='bbox 383 2443 493 2483; x_wconf 87' lang='lat' dir='ltr'>santi</span> <span class='ocrx_word' id='word_1_246' title='bbox 525 2443 604 2483; x_wconf 88' lang='lat' dir='ltr'>che</span> <span class='ocrx_word' id='word_1_247' title='bbox 634 2443 799 2484; x_wconf 90' lang='lat' dir='ltr'>uomini</span> <span class='ocrx_word' id='word_1_248' title='bbox 832 2442 886 2482; x_wconf 92' lang='lat' dir='ltr'>da</span> <span class='ocrx_word' id='word_1_249' title='bbox 917 2443 1043 2482; x_wconf 89' lang='lat' dir='ltr'>bene.</span> <span class='ocrx_word' id='word_1_250' title='bbox 1083 2441 1212 2494; x_wconf 82' lang='lat'>1462.</span> 
     </span>
    </p>

    <p class='ocr_par' dir='ltr' id='par_1_35' title="bbox 263 2499 1926 2557">
     <span class='ocr_line' id='line_1_40' title="bbox 263 2499 1926 2557; baseline -0.002 -15"><span class='ocrx_word' id='word_1_251' title='bbox 263 2504 369 2543; x_wconf 87' lang='lat' dir='ltr'>Plus</span> <span class='ocrx_word' id='word_1_252' title='bbox 403 2517 452 2557; x_wconf 79' lang='lat' dir='ltr'>ca</span> <span class='ocrx_word' id='word_1_253' title='bbox 482 2502 660 2554; x_wconf 86' lang='lat' dir='ltr'>change,</span> <span class='ocrx_word' id='word_1_254' title='bbox 695 2503 791 2555; x_wconf 88' lang='lat' dir='ltr'>plus</span> <span class='ocrx_word' id='word_1_255' title='bbox 823 2499 932 2542; x_wconf 91' lang='lat' dir='ltr'>c’est</span> <span class='ocrx_word' id='word_1_256' title='bbox 963 2501 1004 2540; x_wconf 86' lang='lat' dir='ltr'>la</span> <span class='ocrx_word' id='word_1_257' title='bbox 1033 2503 1171 2541; x_wconf 73' lang='lat' dir='ltr'>meme</span> <span class='ocrx_word' id='word_1_258' title='bbox 1202 2500 1347 2541; x_wconf 86' lang='lat' dir='ltr'>chose.</span> <span class='ocrx_word' id='word_1_259' title='bbox 1383 2500 1487 2551; x_wconf 92' lang='lat'>614.</span> <span class='ocrx_word' id='word_1_260' title='bbox 1908 2535 1926 2546; x_wconf 65' lang='lat'><strong><em>„</em></strong></span> 
     </span>
    </p>

    <p class='ocr_par' dir='ltr' id='par_1_36' title="bbox 263 2556 1938 2613">
     <span class='ocr_line' id='line_1_41' title="bbox 263 2556 1866 2613; baseline 0 -11"><span class='ocrx_word' id='word_1_261' title='bbox 263 2563 369 2603; x_wconf 88' lang='lat' dir='ltr'>Plus</span> <span class='ocrx_word' id='word_1_262' title='bbox 391 2563 436 2603; x_wconf 94' lang='lat' dir='ltr'>in</span> <span class='ocrx_word' id='word_1_263' title='bbox 457 2563 640 2603; x_wconf 85' lang='lat' dir='ltr'>amicitia</span> <span class='ocrx_word' id='word_1_264' title='bbox 661 2563 803 2602; x_wconf 85' lang='lat' dir='ltr'>valere</span> <span class='ocrx_word' id='word_1_265' title='bbox 825 2561 1150 2602; x_wconf 90' lang='lat' dir='ltr'>similitudinem</span> <span class='ocrx_word' id='word_1_266' title='bbox 1171 2573 1339 2600; x_wconf 86' lang='lat' dir='ltr'>morum</span> <span class='ocrx_word' id='word_1_267' title='bbox 1357 2573 1486 2613; x_wconf 89' lang='lat' dir='ltr'>quam</span> <span class='ocrx_word' id='word_1_268' title='bbox 1502 2556 1772 2601; x_wconf 87' lang='lat' dir='ltr'>affinitatem.</span> <span class='ocrx_word' id='word_1_269' title='bbox 1793 2560 1866 2602; x_wconf 88' lang='lat'>60.</span> 
     </span>
    </p>

    <p class='ocr_par' dir='ltr' id='par_1_37' title="bbox 263 2623 779 2664">
     <span class='ocr_line' id='line_1_42' title="bbox 263 2623 779 2664; baseline 0.004 -3"><span class='ocrx_word' id='word_1_270' title='bbox 263 2623 369 2662; x_wconf 89' lang='lat' dir='ltr'>Plus</span> <span class='ocrx_word' id='word_1_271' title='bbox 402 2623 528 2663; x_wconf 85' lang='lat' dir='ltr'>ultra.</span> <span class='ocrx_word' id='word_1_272' title='bbox 569 2623 698 2664; x_wconf 84' lang='lat'>1680.</span> <span class='ocrx_word' id='word_1_273' title='bbox 774 2648 779 2655; x_wconf 50' lang='grc' dir='ltr'><em>ι</em></span> 
     </span>
    </p>

    <p class='ocr_par' dir='ltr' id='par_1_38' title="bbox 263 2680 1298 2733">
     <span class='ocr_line' id='line_1_43' title="bbox 263 2680 1298 2733; baseline -0.001 -12"><span class='ocrx_word' id='word_1_274' title='bbox 263 2683 380 2722; x_wconf 87' lang='lat' dir='ltr'>Poca</span> <span class='ocrx_word' id='word_1_275' title='bbox 410 2682 554 2722; x_wconf 83' lang='lat' dir='ltr'>favilla</span> <span class='ocrx_word' id='word_1_276' title='bbox 585 2695 689 2733; x_wconf 86' lang='lat' dir='ltr'>gran</span> <span class='ocrx_word' id='word_1_277' title='bbox 722 2681 894 2721; x_wconf 76' lang='lat' dir='ltr'>flamina</span> <span class='ocrx_word' id='word_1_278' title='bbox 925 2680 1126 2721; x_wconf 87' lang='lat' dir='ltr'>seconda.</span> <span class='ocrx_word' id='word_1_279' title='bbox 1168 2689 1298 2729; x_wconf 88' lang='lat'>1291.</span> 
     </span>
    </p>

    <p class='ocr_par' dir='ltr' id='par_1_39' title="bbox 255 2738 1423 2790">
     <span class='ocr_line' id='line_1_44' title="bbox 255 2738 1423 2790; baseline -0.001 -9"><span class='ocrx_word' id='word_1_280' title='bbox 255 2742 401 2782; x_wconf 86' lang='lat' dir='ltr'>Pochi</span> <span class='ocrx_word' id='word_1_281' title='bbox 432 2755 455 2781; x_wconf 91' lang='lat' dir='ltr'>e</span> <span class='ocrx_word' id='word_1_282' title='bbox 487 2742 663 2790; x_wconf 87' lang='lat' dir='ltr'>valenti,</span> <span class='ocrx_word' id='word_1_283' title='bbox 698 2754 818 2780; x_wconf 88' lang='lat' dir='ltr'>corne</span> <span class='ocrx_word' id='word_1_284' title='bbox 848 2741 863 2779; x_wconf 96' lang='lat' dir='ltr'>i</span> <span class='ocrx_word' id='word_1_285' title='bbox 895 2741 1009 2780; x_wconf 91' lang='lat' dir='ltr'>versi</span> <span class='ocrx_word' id='word_1_286' title='bbox 1039 2740 1083 2780; x_wconf 93' lang='lat' dir='ltr'>di</span> <span class='ocrx_word' id='word_1_287' title='bbox 1113 2740 1254 2780; x_wconf 87' lang='lat' dir='ltr'>Torti.</span> <span class='ocrx_word' id='word_1_288' title='bbox 1295 2738 1423 2789; x_wconf 88' lang='lat'>1786.</span> 
     </span>
    </p>

    <p class='ocr_par' dir='ltr' id='par_1_40' title="bbox 263 2796 1023 2851">
     <span class='ocr_line' id='line_1_45' title="bbox 263 2796 1023 2851; baseline 0.003 -12"><span class='ocrx_word' id='word_1_289' title='bbox 263 2802 480 2841; x_wconf 88' lang='lat' dir='ltr'>Poenitere</span> <span class='ocrx_word' id='word_1_290' title='bbox 512 2801 620 2841; x_wconf 90' lang='lat' dir='ltr'>tanti</span> <span class='ocrx_word' id='word_1_291' title='bbox 651 2814 739 2840; x_wconf 92' lang='lat' dir='ltr'>non</span> <span class='ocrx_word' id='word_1_292' title='bbox 771 2814 884 2841; x_wconf 92' lang='lat' dir='ltr'>emo.</span> <span class='ocrx_word' id='word_1_293' title='bbox 920 2796 1023 2851; x_wconf 87' lang='lat'>989.</span> 
     </span>
    </p>

    <p class='ocr_par' dir='ltr' id='par_1_41' title="bbox 265 2859 1538 2913">
     <span class='ocr_line' id='line_1_46' title="bbox 265 2859 1538 2913; baseline -0.001 -14"><span class='ocrx_word' id='word_1_294' title='bbox 265 2861 345 2899; x_wconf 91' lang='lat' dir='ltr'>Poi</span> <span class='ocrx_word' id='word_1_295' title='bbox 376 2860 454 2900; x_wconf 91' lang='lat' dir='ltr'>che</span> <span class='ocrx_word' id='word_1_296' title='bbox 486 2861 569 2900; x_wconf 85' lang='lat' dir='ltr'>mia</span> <span class='ocrx_word' id='word_1_297' title='bbox 600 2873 744 2913; x_wconf 89' lang='lat' dir='ltr'>speme</span> <span class='ocrx_word' id='word_1_298' title='bbox 775 2861 798 2900; x_wconf 79' lang='grc' dir='ltr'>ὲ</span> <span class='ocrx_word' id='word_1_299' title='bbox 830 2860 959 2911; x_wconf 88' lang='lat' dir='ltr'>lunga</span> <span class='ocrx_word' id='word_1_300' title='bbox 990 2874 1014 2899; x_wconf 90' lang='lat' dir='ltr'>a</span> <span class='ocrx_word' id='word_1_301' title='bbox 1047 2859 1167 2899; x_wconf 88' lang='lat' dir='ltr'>venir</span> <span class='ocrx_word' id='word_1_302' title='bbox 1198 2863 1369 2911; x_wconf 85' lang='lat' dir='ltr'>troppo.</span> <span class='ocrx_word' id='word_1_303' title='bbox 1410 2859 1538 2910; x_wconf 86' lang='lat'>1558.</span> 
     </span>
    </p>

    <p class='ocr_par' dir='ltr' id='par_1_42' title="bbox 263 2917 1245 2972">
     <span class='ocr_line' id='line_1_47' title="bbox 263 2917 1245 2972; baseline 0.001 -14"><span class='ocrx_word' id='word_1_304' title='bbox 263 2920 395 2959; x_wconf 87' lang='lat' dir='ltr'>Point</span> <span class='ocrx_word' id='word_1_305' title='bbox 427 2917 640 2971; x_wconf 87' lang='lat' dir='ltr'>d&#39;argent,</span> <span class='ocrx_word' id='word_1_306' title='bbox 675 2920 797 2972; x_wconf 90' lang='lat' dir='ltr'>point</span> <span class='ocrx_word' id='word_1_307' title='bbox 829 2921 882 2959; x_wconf 94' lang='lat' dir='ltr'>de</span> <span class='ocrx_word' id='word_1_308' title='bbox 913 2919 1075 2960; x_wconf 89' lang='lat' dir='ltr'>Suisse.</span> <span class='ocrx_word' id='word_1_309' title='bbox 1118 2927 1245 2970; x_wconf 90' lang='lat'>1295.</span> 
     </span>
    </p>

    <p class='ocr_par' dir='ltr' id='par_1_43' title="bbox 263 2979 1380 3032">
     <span class='ocr_line' id='line_1_48' title="bbox 263 2979 1380 3032; baseline -0.002 -13"><span class='ocrx_word' id='word_1_310' title='bbox 263 2979 515 3029; x_wconf 82' lang='grc' dir='ltr'>Πολυτελὲς</span> <span class='ocrx_word' id='word_1_311' title='bbox 547 2980 765 3032; x_wconf 81' lang='grc' dir='ltr'>ἀνάλωμα</span> <span class='ocrx_word' id='word_1_312' title='bbox 795 2982 903 3020; x_wconf 79' lang='grc' dir='ltr'>εἶναι</span> <span class='ocrx_word' id='word_1_313' title='bbox 933 2980 1007 3020; x_wconf 81' lang='grc' dir='ltr'>τὸν</span> <span class='ocrx_word' id='word_1_314' title='bbox 1040 2979 1214 3032; x_wconf 77' lang='grc' dir='ltr'>χρόνον.</span> <span class='ocrx_word' id='word_1_315' title='bbox 1252 2985 1380 3030; x_wconf 88' lang='lat'>1597.</span> 
     </span>
    </p>

    <p class='ocr_par' dir='ltr' id='par_1_44' title="bbox 262 3038 1161 3091">
     <span class='ocr_line' id='line_1_49' title="bbox 262 3038 1161 3091; baseline 0 -13"><span class='ocrx_word' id='word_1_316' title='bbox 262 3039 400 3079; x_wconf 91' lang='lat' dir='ltr'>Porro</span> <span class='ocrx_word' id='word_1_317' title='bbox 432 3052 564 3079; x_wconf 90' lang='lat' dir='ltr'>unum</span> <span class='ocrx_word' id='word_1_318' title='bbox 597 3044 661 3079; x_wconf 90' lang='lat' dir='ltr'>est</span> <span class='ocrx_word' id='word_1_319' title='bbox 691 3038 994 3080; x_wconf 85' lang='lat' dir='ltr'>necessarium.</span> <span class='ocrx_word' id='word_1_320' title='bbox 1034 3039 1161 3091; x_wconf 83' lang='lat'>1589.</span> 
     </span>
    </p>
   </div>
   <div class='ocr_carea' id='block_1_5' title="bbox 1876 1262 2014 3386">
    <p class='ocr_par' dir='ltr' id='par_1_45' title="bbox 1876 1262 2014 3386">
     <span class='ocr_line' id='line_1_50' title="bbox 1876 1262 2014 3386; baseline 0 0"><span class='ocrx_word' id='word_1_321' title='bbox 1876 1262 2014 3386; x_wconf 95' lang='lat' dir='ltr'> </span> 
     </span>
    </p>
   </div>
  </div>
 </body>
</html>
