2014 3386
274 115 359 155 618
858 120 1006 158 Indice
1037 122 1147 159 delle
1167 122 1295 174 frasi

271 288 478 329 Studente
506 288 512 342 Ι
540 287 660 328 Vuol
681 288 793 329 dire:
829 301 887 328 un
919 289 977 329 tal
1008 289 1085 330 che
1115 303 1204 331 non
1236 292 1393 332 istudia
1423 293 1583 334 niente.
1625 305 1754 347 1412.

270 349 457 388 Stultum
489 348 588 388 facit
618 348 788 388 fortuna
818 361 945 401 quem
978 350 1071 390 vult
1102 352 1294 403 perdere.
1331 363 1458 405 1424.
1823 349 1826 355 ’

270 409 346 457 Su,
383 409 591 448 corriamo
622 408 667 447 in
699 409 968 460 battaglioni.
1005 411 1106 459 676.

270 468 443 518 Sudate,
482 483 508 508 o
541 468 670 518 sochi,
706 483 729 508 a
761 481 960 521 preparat
994 470 1168 510 metalli.
1210 472 1336 521 1869.

270 528 347 578 Su,
382 528 528 568 Italia!
565 541 627 577 su,
666 529 709 567 in
741 529 872 569 armi!
909 535 1070 570 venuto
1102 532 1124 570 ὲ
1155 530 1186 569 il
1218 535 1292 570 tuo
1325 532 1390 572 di!
1433 533 1560 583 1065.

270 588 348 627 Sul
378 601 530 640 campo
563 588 675 627 della
707 588 858 639 gloria.
897 589 999 639 677.

268 647 385 687 Sulle
398 648 567 700 spallea
583 648 638 687 lei
654 649 741 687 fece
759 653 936 688 sovente
964 649 969 703 1
999 650 1185 689 Scender
1197 650 1363 701 legnate
1374 651 1427 690 da
1441 651 1582 690 levare
1593 651 1623 690 il
1636 652 1750 704 pelo.
1768 661 1870 704 371.

269 707 435 748 Sumite
458 709 677 747 materiam
702 709 855 748 vestris
878 709 952 761 qui
975 710 1160 749 scribitis
1183 723 1349 762 aequam
1378 709 1384 764 Ι
1412 711 1605 751 Viribus.
1622 714 1726 764 2148
1737 721 1776 762 7.

267 768 491 807 Summum
523 768 645 807 crede
676 768 793 807 nefas
826 769 1010 808 animam
1042 771 1239 822 praeserre
1272 771 1442 823 pudori.
1483 771 1609 821 1629.

269 828 494 867 Summum
523 828 611 880 jus,
647 841 812 867 summa
842 829 1011 869 iniuria.
1050 830 1150 882 568.

266 888 377 927 Sunt
408 889 535 936 bona,
574 893 673 927 sunt
704 889 901 940 quaedam
934 889 1177 939 mediocria,
1213 895 1312 929 sunt
1345 890 1453 929 mala
1484 890 1622 943 plura.
1657 901 1699 931 2.

268 947 378 987 Sunt
409 948 591 987 lacrimae
624 960 780 988 rerum.
819 949 918 998 798.

266 1007 403 1047 Suoni
433 1008 474 1047 la
506 1008 687 1056 tromba,
725 1021 747 1047 e
777 1008 1007 1061 intrepido.
1043 1009 1146 1058 678.

265 1067 402 1119 Super
433 1067 625 1119 aspidem
656 1073 697 1107 et
729 1068 972 1108 basiliscum
1017 1068 1271 1119 ambulabis,
1308 1074 1349 1109 et
1394 1069 1662 1109 conculcabis
1705 1069 1870 1110 leonem

327 1131 370 1166 et
401 1127 644 1166 draconem.
680 1128 784 1178 269.

266 1186 400 1238 Surge
432 1188 632 1227 carnifex.
674 1189 803 1239 1814.

265 1247 400 1298 Surge
431 1253 473 1287 et
504 1247 691 1287 ambula.
733 1247 861 1299 1804.

264 1307 444 1346 Sursum
477 1307 626 1347 corda!
669 1315 797 1359 1347.

264 1367 444 1407 Surtout
477 1380 552 1419 pas
585 1367 637 1407 de
669 1367 774 1408 zele.
817 1368 945 1417 1581.

263 1427 441 1479 Suspice
474 1427 655 1476 coelum,
683 1432 725 1466 et
756 1440 933 1467 numera
964 1426 1123 1477 stellas,
1159 1428 1194 1467 si
1226 1432 1364 1480 potes.
1407 1428 1533 1477 1670.

263 1546 419 1585 Tacete
451 1559 472 1585 e
505 1546 767 1598 rispondete.
809 1546 938 1598 1038.

262 1606 415 1654 Taciti,
455 1605 534 1646 soli
566 1619 589 1645 e
621 1619 747 1645 senza
779 1607 1047 1659 compagnia.
1089 1609 1218 1656 1278.

261 1666 342 1704 Tal
374 1666 536 1705 biasma
568 1665 694 1705 altrui
726 1665 803 1706 che
835 1668 879 1706 se
912 1672 1051 1706 stesso
1082 1667 1323 1707 eondanna.
1362 1677 1384 1704 2
1393 1675 1462 1718 52.

261 1721 438 1774 T'amo,
475 1727 727 1775 Francesca‚
762 1723 923 1766 t’amo.
960 1735 1031 1778 95.

260 1781 315 1824 T'
334 1798 446 1834 amo,
483 1786 664 1837 ingrata,
699 1783 731 1825 t’
747 1799 843 1825 amo
875 1799 1019 1826 ancor.
1061 1797 1158 1838 104.

260 1846 500 1897 Tamquam
532 1851 684 1897 potens
717 1845 959 1898 crapulatus
992 1861 1015 1885 a
1048 1846 1166 1887 vino.
1208 1856 1336 1899 1325.

261 1905 327 1945 Τὰ,
358 1909 493 1957 νεῦρα
527 1909 614 1946 τῶν
646 1906 931 1958 πραγμάτων.
969 1906 1071 1958 644.

259 1965 411 2004 Tantae
444 1965 569 2004 molis
601 1971 690 2005 erat
722 1966 965 2005 Romanam
998 1966 1181 2006 condere
1212 1970 1397 2017 gentem.
1438 1966 1567 2007 1681.

259 2025 401 2064 Tanto
433 2025 606 2076 gentile,
641 2039 663 2064 e
696 2030 816 2065 tanto
848 2036 997 2065 onesta
1028 2039 1143 2078 pare.
1186 2034 1313 2076 1272.

259 2084 400 2124 Tanto
431 2085 596 2124 nomini
626 2085 791 2125 nullum
823 2098 899 2138 par
930 2085 1130 2137 elogium.
1173 2096 1271 2135 190.

259 2144 447 2184 Tantum
478 2145 625 2196 religio
659 2146 800 2197 potuit
832 2146 1009 2185 suadere
1041 2146 1267 2186 malorum.
1307 2154 1434 2195 1339.

257 2205 400 2244 Tarde
431 2205 541 2244 velle
572 2204 756 2245 nolentis
791 2210 880 2254 est;
917 2206 991 2258 qui
1023 2206 1189 2246 distulit
1220 2205 1311 2255 diu,
1344 2205 1499 2244 noluit.
1542 2214 1639 2257 154.

258 2264 391 2303 Tardi
423 2278 446 2303 a
478 2265 604 2317 punir
637 2265 846 2306 discendi.
885 2266 987 2318 265.

257 2325 320 2363 Te
351 2329 492 2363 autem
525 2324 703 2364 faciente
734 2325 1066 2378 eleemosynam,
1101 2325 1262 2364 nesciat
1294 2324 1465 2364 sinistra
1497 2329 1569 2363 tua
1600 2324 1707 2376 quid
1738 2323 1862 2364 faciat

316 2383 489 2423 dextera
519 2389 607 2424 tua.
648 2385 746 2436 156.

257 2444 338 2482 Tel
369 2449 433 2484 est
464 2444 504 2483 le
537 2449 626 2483 sort
656 2444 834 2484 sacheux
867 2444 919 2483 de
952 2449 1047 2484 tout
1077 2444 1183 2483 livre
1215 2445 1348 2497 prete.
1390 2443 1457 2484 16.

258 2503 337 2542 Tel
369 2508 433 2543 est
463 2509 587 2543 notre
618 2504 779 2555 plaisir.
822 2514 950 2556 1242.

257 2563 495 2615 Telumque
526 2564 697 2604 imbelle
729 2564 820 2603 sine
850 2564 953 2604 ictu.
995 2563 1123 2613 1766.

256 2623 408 2674 Tempi
442 2624 652 2674 borgiani.
696 2624 822 2675 1649.

255 2683 421 2734 Tempo
444 2696 533 2722 non
555 2684 612 2722 mi
635 2697 760 2735 parea
783 2683 825 2722 di
846 2678 908 2722 sar
930 2682 1071 2735 riparo
1099 2681 1105 2737 Ι
1135 2678 1284 2722 Contr’
1301 2679 1339 2721 a’
1357 2681 1468 2734 colpi
1491 2677 1693 2722 d'Amor.
1722 2682 1795 2722 88.

254 2743 440 2794 Tempta
461 2740 528 2782 de'
546 2743 662 2783 baldi
685 2743 857 2794 giovani
885 2742 891 2795 Ι
918 2743 957 2782 Il
980 2742 1224 2782 confidente
1247 2742 1448 2793 ingegno.
1486 2749 1587 2793 549.

254 2802 411 2841 Teneri
443 2803 610 2854 sdegni,
645 2816 667 2842 e
699 2803 863 2855 placide
896 2815 918 2841 e
950 2802 1193 2854 tranquille.
1228 2803 1301 2852 89.

255 2862 415 2901 Tenete
446 2861 485 2901 le
517 2867 661 2902 vostre
693 2862 858 2914 polveri
889 2862 1081 2902 asciutte.
1122 2872 1250 2901 1221.

254 2921 318 2959 Te
350 2934 476 2973 sopra
507 2927 547 2961 te
580 2935 738 2961 corono
771 2936 794 2961 e
825 2922 983 2962 mittio.
1025 2932 1153 2973 1230.

254 2981 317 3019 Te
349 2981 494 3031 voglio
527 2982 635 3021 bene
668 2982 793 3022 assai.
836 2991 934 3022 100.

257 3040 481 3090 Θάλαττα,
515 3041 739 3082 θάλατταέ
783 3043 910 3082 1810.
