2014 3386
742 117 890 156 Indice
921 119 1031 157 delle
1049 119 1179 172 frasi
1616 88 1619 89 ‘
1675 125 1756 171 577

162 286 249 327 Del
277 285 349 326 bel
378 298 504 339 paese
532 285 587 336 la,
623 285 736 327 dove
766 287 797 327 il
825 288 864 327 si
895 301 1045 330 suona.
1080 289 1183 331 881.

164 345 361 386 Delenda
391 345 630 397 Carthago!
667 355 768 396 322.

163 405 249 445 Del
278 405 365 445 sare
394 418 418 445 e
448 405 519 445 del
548 405 732 455 chieder,
770 410 835 446 tra
865 407 937 446 voi
969 407 1067 448 due.
1108 416 1206 460 152.

162 464 329 505 Delicta
355 465 593 517 juventutis
625 478 729 505 meae
760 471 802 505 et
838 466 1098 517 ignorantias
1130 480 1245 507 meas
1275 480 1330 507 ne
1360 467 1616 508 memineris.
1653 466 1756 517 986.

162 523 287 564 Della
316 524 463 564 madre
491 524 523 564 il
553 525 691 564 camin
721 537 848 576 segue
879 526 920 565 la
951 526 1080 577 figlia.
1115 536 1218 579 434.

162 583 288 624 Delle
318 584 450 636 spade
478 583 510 623 il
542 584 646 624 fiero
677 584 837 637 lampo.
871 585 973 635 676.

163 644 231 683 De
261 642 371 682 male
401 642 592 696 quaesitis
625 643 697 683 vix
728 644 885 695 gaudet
916 645 1064 684 tertius
1096 644 1249 685 haeres.
1286 646 1387 687 266.

162 703 230 743 De
259 702 395 742 nihilo
425 702 621 751 nihilum,
656 703 702 742 in
731 703 912 743 nihilum
943 705 1004 744 nil
1034 717 1162 756 posse
1193 706 1362 746 reverti.
1401 715 1501 757 301.

162 763 231 802 De
260 762 460 802 omnibus
491 763 618 802 rebus
649 770 691 802 et
721 763 977 815 quibusdam
1008 763 1117 804 aliis.
1158 764 1285 816 1484.

164 821 233 861 De
263 822 382 861 omni
411 834 457 862 re
487 822 626 861 scibili
655 827 697 862 et
727 823 983 875 quibusdam
1016 823 1124 863 aliis.
1165 825 1293 876 1484.

161 881 280 921 Deos
309 881 441 921 iratos
472 881 618 921 laneos
650 882 780 934 pedes
811 882 989 924 habere.
1021 883 1123 933 263.

161 941 230 980 De
258 953 335 993 par
366 940 406 980 le
435 954 530 994 roy,
564 941 735 981 defense
764 944 789 981 a
819 942 947 983 Dieu.
988 953 1115 994 1914.

162 1000 253 1040 Der
283 1000 465 1040 Mensch
496 1001 552 1040 ist
584 1014 671 1040 was
703 1014 747 1041 er
777 1002 871 1041 isst.
911 1002 1039 1054 1566.

162 1061 252 1100 Der
272 1059 539 1112 preussische
571 1060 873 1102 Schulmeister
894 1061 969 1101 hat
990 1062 1058 1101 die
1080 1060 1281 1102 Schlacht
1298 1060 1367 1101 bei
1388 1060 1573 1101 Sadowa
1587 1071 1740 1112 gewon

221 1131 321 1160 nen.
362 1130 489 1172 1411.

162 1178 390 1219 Descriver
420 1178 552 1219 fondo
583 1193 606 1218 a
638 1183 751 1219 tutto
781 1176 1042 1220 l’universo.
1082 1187 1209 1230 1777.

161 1239 230 1277 De
260 1251 428 1278 summo
458 1238 623 1291 planus,
661 1238 737 1279 sed
766 1252 854 1278 non
886 1252 964 1291 ego
995 1239 1147 1292 planus
1178 1240 1224 1279 in
1254 1239 1358 1280 imo.
1399 1239 1526 1281 1606.

162 1297 435 1338 Detestables
469 1297 673 1348 flatteurs,
710 1300 882 1350 present
911 1299 951 1339 le
982 1299 1077 1352 plus
1110 1300 1291 1340 funeste.
1332 1306 1460 1350 1470.

162 1357 282 1397 Deus
313 1357 358 1397 in
388 1357 530 1398 medio
561 1358 663 1398 eius.
682 1371 771 1397 non
803 1359 1156 1399 commovebitur.
1193 1366 1295 1411 307.

162 1416 283 1457 Deus
314 1417 440 1457 nobis
473 1416 564 1457 haec
595 1417 683 1458 otia
711 1418 825 1459 fecit.
866 1418 994 1470 1546.

162 1475 330 1516 Devine
362 1477 399 1516 si
428 1481 476 1516 tu
507 1489 618 1529 peux
649 1481 692 1516 et
721 1477 879 1518 choisis
911 1478 948 1518 si
978 1483 1025 1518 tu
1056 1474 1205 1518 l'oses.
1243 1477 1372 1529 1844.

162 1535 362 1589 Dicitque
402 1537 550 1576 beatus
577 1538 585 1591 Ι
611 1538 727 1577 Ante
762 1537 927 1577 obitum
965 1550 1090 1578 nemo
1127 1549 1408 1590 supremaque
1437 1538 1585 1577 funera
1615 1535 1758 1575 debet.

162 1653 337 1695 Dictum
368 1654 550 1708 sapienti
580 1659 646 1695 sat
676 1660 755 1696 est.
795 1657 923 1697 1018.

161 1713 246 1754 Die
276 1715 563 1766 Fortsetzung
593 1713 714 1766 solgt.
755 1715 882 1767 1746.

160 1773 286 1814 Diem
318 1774 501 1827 perdidi.
541 1782 669 1826 1005.

161 1833 245 1874 Die
274 1833 438 1874 Politik
468 1834 543 1874 der
573 1834 704 1874 freien
734 1834 884 1875 Hand.
920 1834 1022 1884 627.

161 1892 245 1934 Die
274 1893 438 1934 Politik
466 1893 523 1933 ist
552 1892 678 1933 keine
708 1893 860 1933 exakte
890 1893 1222 1935 Wissenschast.
1258 1894 1362 1946 634.

162 1951 266 1993 Dies
297 1952 388 2002 irae,
420 1952 511 1992 dies
542 1952 629 1994 illa.
666 1961 766 2003 272.

161 2011 266 2053 Dies
297 2012 380 2052 mei
411 2012 520 2052 sicut
550 2013 701 2052 umbra
730 2011 1065 2053 declinaverunt.
1105 2014 1204 2062 787.

161 2071 245 2112 Die
275 2072 420 2111 Sonne
449 2071 551 2123 geht
580 2072 625 2111 in
655 2071 836 2111 meinem
868 2071 988 2111 Staat
1018 2072 1136 2112 nicht
1167 2076 1306 2113 unter.
1342 2080 1446 2124 950.

162 2130 245 2171 Die
275 2130 446 2171 Todten
476 2130 607 2171 reiten
641 2130 820 2172 schnell.
855 2130 956 2180 867.

161 2190 315 2231 Dietro
346 2187 376 2229 l'
387 2190 527 2230 avello
555 2189 562 2243 Ι
587 2190 646 2230 Di
676 2189 980 2231 Machiavello.
1018 2199 1120 2241 232.

162 2249 292 2299 nien,
324 2246 432 2290 c'est
461 2249 501 2290 le
532 2249 632 2290 mal.
672 2258 799 2301 1337.

162 2309 275 2349 Dieu
306 2313 349 2349 et
379 2321 480 2349 mon
512 2309 642 2350 droit.
682 2317 809 2361 1259.

162 2368 274 2409 Dieu
306 2380 373 2408 me
402 2365 463 2408 l’a
493 2368 687 2409 donnee:
722 2368 851 2420 garde
882 2369 906 2407 a
937 2367 1011 2421 qui
1042 2382 1070 2421 y
1101 2367 1319 2409 touchera.
1360 2378 1489 2421 1142.

161 2428 343 2477 Disatto,
377 2428 493 2480 dopo
523 2433 680 2477 morto,
712 2429 736 2467 ὲ
767 2428 841 2480 pin
872 2427 975 2467 vivo
1006 2427 1050 2467 di
1082 2428 1232 2480 prima.
1273 2437 1370 2478 179.

161 2487 309 2527 Disesa
339 2487 520 2539 miglior‚
553 2484 820 2539 ch’u‘sbergo
851 2499 875 2526 e
906 2486 1056 2528 scudo.
1098 2487 1224 2539 1634.

161 2544 349 2588 Difficile
379 2552 443 2587 est
474 2547 645 2587 satiram
677 2559 766 2586 non
797 2546 996 2586 scribere.
1038 2547 1165 2588 1818.

162 2606 235 2646 Dii
266 2606 431 2646 lanatos
462 2606 591 2658 pedes
623 2606 798 2647 habent.
836 2606 936 2646 262.
1035 2652 1039 2655 ,

161 2666 252 2715 Dii,
285 2665 410 2706 talem
442 2666 565 2706 terris
597 2665 775 2706 avertite
806 2665 995 2718 pestem!
1036 2666 1163 2717 1815.

161 2725 304 2765 Dilexi
331 2724 559 2778 justitiam,
592 2730 635 2765 et
673 2725 790 2765 odivi
830 2724 1115 2777 iniquitatem,
1149 2728 1375 2777 propterea
1405 2723 1565 2765 morior
1596 2722 1641 2762 in
1672 2723 1760 2763 exi-

221 2784 296 2825 lio.
362 2784 435 2836 65.

161 2843 219 2882 Di
250 2793 355 2884 libi-i5
378 2844 501 2884 basta
530 2856 617 2883 uno
648 2855 723 2895 per
755 2843 888 2892 volta,
922 2842 1096 2895 quando
1126 2855 1216 2883 non
1246 2844 1269 2883 ὲ
1301 2839 1345 2882 d'
1358 2855 1537 2883 avanzo.
1576 2842 1647 2883 26.

162 2902 325 2954 Diliges
355 2904 536 2943 amicum
568 2908 689 2943 tuum
722 2903 829 2943 sicut
862 2902 1060 2954 teipsum.
1095 2902 1168 2943 62.

163 2961 251 3002 Dio
280 2959 382 3002 dell'
394 2975 461 3013 or,
491 2964 497 3015 Ι
524 2962 607 3002 Del
639 2962 800 3003 mondo
830 2962 991 3014 signor.
1028 2970 1130 3014 333.

163 3020 250 3061 Dio
280 3034 347 3062 me
378 3018 477 3062 l'ha
507 3022 622 3071 data,
655 3021 752 3074 guai
784 3035 808 3061 a
837 3021 907 3061 chi
937 3021 977 3060 la
1007 3021 1151 3061 tocca!
1193 3031 1320 3072 1142.

259 3119 301 3157 37
