2014 3386
742 101 890 139 Indice
919 102 1030 139 delle
1048 101 1178 154 frasi
1674 100 1758 152 607

105 319 107 321 ¹
161 272 202 312 0
232 271 307 311 voi
335 269 414 310 che
443 275 567 310 avete
591 244 656 321 ¹gl'
675 270 875 312 intelletti
905 270 1013 312 sani.
1054 270 1182 323 1506.

162 331 202 371 0
232 331 306 370 voi
336 329 414 370 che
433 329 549 370 vsiete
579 329 624 368 in
655 329 895 382 piccioletta
926 331 1066 370 barca.
1108 341 1238 382 1409.

161 390 201 431 Ο
231 389 349 430 what
378 403 404 429 a
432 388 563 429 noble
594 389 713 429 mind
742 389 779 428 is
810 388 912 430 here
942 387 1230 430 o’erthrown!
1267 389 1371 440 869.

159 508 273 547 Pace
302 519 327 546 e
356 506 470 558 gioia
499 506 531 545 il
561 506 640 546 ciel
672 507 716 546 vi
746 507 832 548 dia.
874 509 1002 561 1854.

158 567 286 616 Pace,
318 578 436 619 pace,
473 566 561 605 mio
593 566 693 616 Dio,
732 567 863 607 cruda
895 573 1112 609 sventura.
1149 568 1252 609 668.

157 625 347 666 Padroni
378 625 488 665 delle
519 638 668 678 acque.
706 635 807 678 504.

157 686 306 734 Paete,
339 697 429 725 non
459 684 591 726 dolet.
634 686 761 738 1356.

156 745 275 796 Paga
305 744 535 785 Pantalon.
571 745 673 786 601.

154 804 324 844 Pallida
353 817 468 844 mors
501 817 627 856 aequo
658 804 801 857 pulsat
831 806 940 858 pede
970 818 1207 858 pauperum
1239 806 1438 845 tabernas
1466 804 1472 859 Ι
1501 805 1760 858 Regumque

215 869 370 905 turres.
406 863 508 904 818.

156 922 351 962 Palmam
382 923 458 975 qui
488 923 643 962 meruit
673 923 794 964 serat.
836 923 886 963 16
892 933 964 974 32

155 983 318 1022 Panem
350 988 393 1022 et
425 982 650 1023 circenses.
690 991 761 1034 51.

156 1041 253 1082 Πὰν
286 1043 310 1082 ὁ
342 1043 481 1095 μέγας
511 1043 716 1095 τέθνηκε.
758 1045 886 1093 1332.

157 1102 372 1141 Pantalon
402 1114 510 1153 paga
542 1114 617 1153 per
648 1102 764 1142 tutti.
800 1103 904 1141 601.

154 1161 275 1213 Papa
303 1165 446 1213 potest
475 1166 594 1200 extra
619 1161 709 1214 jus,
743 1173 872 1213 supra
901 1162 970 1214 jus
1003 1165 1045 1200 et
1075 1165 1223 1201 contra
1250 1161 1338 1214 jus.
1379 1171 1506 1215 1195.

155 1221 336 1260 Parcere
367 1221 570 1273 subjectis
601 1227 643 1260 et
674 1221 886 1260 debellare
917 1222 1142 1274 superbos.
1179 1230 1280 1273 590.

155 1280 289 1319 Parce
321 1280 505 1332 sepulto.
541 1282 645 1331 814.

157 1339 368 1379 Pardieu!
403 1339 464 1380 les
491 1339 593 1392 plus
625 1339 781 1390 grands
813 1339 942 1380 clercs
964 1353 1018 1380 ne
1043 1344 1142 1380 sont
1172 1353 1248 1392 pas
1281 1339 1342 1380 les
1373 1339 1470 1393 plus
1505 1340 1613 1381 fins!
1655 1351 1753 1381 122.

155 1399 292 1438 Parea
322 1399 424 1438 Don
454 1398 631 1438 Bartolo
662 1399 767 1438 fatto
799 1399 843 1438 di
874 1412 1012 1440 sasso.
1053 1408 1180 1450 1791.

154 1458 286 1498 Pares
314 1466 456 1498 autem
488 1471 584 1498 cum
616 1459 789 1510 paribus
821 1459 1017 1498 facillime
1048 1464 1375 1511 congregantur.
1413 1467 1484 1509 70.

153 1517 312 1569 Parigi,
347 1530 374 1557 o
406 1530 514 1566 cara,
550 1518 625 1557 noi
655 1517 901 1559 lasceremo.
943 1519 1071 1568 1096.

154 1577 276 1616 Paris
307 1582 412 1616 vaut
442 1577 543 1617 bien
573 1590 658 1617 une
688 1590 842 1619 messe.
883 1578 1011 1630 1464.

155 1636 327 1676 Patitur
356 1649 439 1688 pax
472 1636 604 1677 bello.
640 1636 743 1678 662.

153 1695 310 1735 Parlan
340 1693 504 1748 l'opre,
541 1709 564 1736 e
594 1696 667 1749 poi
699 1693 936 1737 s'intende.
978 1696 1107 1747 1316.

154 1753 308 1795 Parole
338 1755 462 1795 alate.
499 1765 542 1807 3.

151 1814 402 1855 Parturiunt
432 1819 614 1863 montes,
650 1818 848 1854 nascetur
878 1815 1082 1855 ridiculus
1114 1828 1225 1856 mus.
1264 1825 1364 1867 399.

151 1874 310 1914 Parum
342 1874 615 1926 eloquentiae,
650 1874 870 1927 sapientiae
902 1874 1025 1915 nihil.
1066 1875 1196 1927 1516.
1375 1927 1377 1929 ,

150 1933 308 1983 Parva,
341 1933 418 1974 sed
447 1938 548 1986 apta
578 1933 698 1983 mihi,
733 1934 810 1973 sed
840 1935 945 1974 nulli
979 1935 1183 1985 obnoxia,
1218 1935 1294 1974 sed
1324 1947 1429 1976 non.
1467 1943 1569 1986 213.

150 1992 306 2032 Parvis
336 2005 593 2045 componere
624 2007 793 2044 magna.
834 1994 962 2046 1763.

151 2052 237 2092 Pas
268 2051 322 2091 de
352 2052 458 2092 zele.
498 2053 628 2104 1581.

151 2111 286 2151 Passa
315 2111 357 2151 la
387 2111 499 2152 bella
528 2112 686 2160 donna,
723 2125 746 2152 e
776 2125 852 2165 par
884 2112 962 2152 che
993 2113 1157 2155 dorma.
1194 2115 1297 2164 830.

150 2170 315 2210 Passan
345 2171 480 2212 vostri
513 2171 659 2211 triunfi
691 2184 714 2211 e
746 2177 890 2212 vostre
922 2185 1093 2226 pompe.
1144 2173 1272 2214 1600.

150 2229 332 2270 Passare
361 2230 392 2270 il
423 2231 668 2271 Rubicone.
710 2240 838 2283 1357.

80 2334 82 2336 v
150 2289 287 2328 Passo
317 2290 416 2342 quel
447 2295 609 2343 tempo,
642 2291 779 2340 Enea,
810 2290 816 2344 Ι
844 2290 935 2331 Che
966 2291 1082 2331 Dido
1114 2305 1138 2332 a
1170 2296 1211 2332 te
1241 2293 1393 2345 penso.
1429 2302 1502 2344 93.

150 2347 353 2398 Πάταξον
385 2349 479 2399 μὲν,
510 2350 703 2390 ἄκουσον
737 2350 803 2390 δέ.
841 2360 943 2401 321.

150 2407 295 2456 Pater,
330 2408 503 2460 peccavi
532 2409 578 2448 in
609 2409 764 2449 coelum
797 2414 839 2449 et
870 2422 1011 2450 coram
1043 2414 1100 2451 te.
1143 2410 1270 2452 1806.

149 2466 300 2506 Patria
329 2472 394 2507 est
424 2468 683 2521 ubicumque
716 2469 823 2508 bene
854 2474 934 2510 est.
976 2479 1104 2520 1090.

152 2525 342 2566 Pecunia
371 2531 444 2566 tua
475 2533 613 2567 tecum
646 2528 716 2569 sit.
758 2536 886 2578 1177.

151 2585 271 2625 Pelle
302 2599 467 2633 moras;
505 2587 646 2627 brevis
677 2592 741 2627 est
772 2587 913 2638 magni
943 2588 1114 2628 fortuna
1145 2589 1319 2631 favoris.
1361 2599 1489 2643 1593.

150 2645 313 2685 Pends·
317 2645 392 2695 toi,
430 2646 561 2686 brave
592 2646 782 2687 Crillon¹
825 2647 953 2699 1840.

150 2704 326 2744 Pensier
357 2706 499 2745 canuti
530 2706 573 2745 in
605 2706 793 2757 giovenil
824 2711 950 2747 etate.
992 2715 1094 2759 547.

149 2764 328 2813 Pentiti‚
362 2765 463 2804 Don
496 2765 734 2806 Giovanni!
776 2765 903 2817 1830.

147 2822 259 2863 Pera
287 2823 318 2862 il
348 2836 498 2876 campo
530 2837 552 2864 e
583 2825 710 2874 ruini,
746 2838 769 2865 e
800 2826 902 2864 resti
932 2825 976 2864 in
1008 2830 1137 2867 tutto.
1177 2826 1279 2876 718.

148 2881 234 2922 Per
262 2888 444 2934 angusta
474 2883 529 2922 ad
560 2890 754 2936 augusta.
791 2894 892 2936 314.

149 2940 312 2981 Perche
342 2942 480 2982 ardire
511 2955 534 2982 e
564 2943 814 2984 sranchezza
843 2956 932 2984 non
964 2943 1064 2986 hai?
1104 2952 1232 2997 1375.

149 2999 312 3041 Perche
342 3000 374 3040 l’
392 3002 535 3042 animo
566 3007 642 3043 tuo
672 3008 791 3043 tanto
823 3000 1081 3057 s'impiglia.
1122 3004 1251 3056 1376.
