2014 3386
304 128 387 182 588
887 131 1036 172 Indice
1067 134 1178 173 delle
1197 133 1327 188 frasi

298 302 461 342 Incidis
493 301 538 341 in
570 302 770 355 Scyllam,
807 303 982 356 cupiens
1015 305 1151 345 vitare
1183 305 1465 359 Charybdim.
1507 316 1637 360 1737.

299 362 458 414 Incipit
489 362 591 402 Vita
621 363 769 403 Nova.
809 371 938 413 1710.

299 424 352 462 In
384 434 563 474 corpore
594 422 687 462 vili.
728 423 856 473 1738.

299 482 408 522 Inde
439 481 514 521 irae
546 486 588 521 et
619 482 820 523 lacrimae.
859 490 959 534 714.

298 540 605 594 Indipendenti
636 554 816 594 sempre,
852 542 997 582 isolati
1029 543 1129 583 mai.
1167 543 1270 594 629.

298 601 469 641 Indizio
501 602 535 643 ὲ,
555 613 614 641 un
645 615 751 641 naso
784 607 999 642 maestoso
1031 615 1053 642 e
1086 603 1217 643 bello.
1258 614 1356 655 140.

298 660 470 702 Indocti
501 661 668 701 discant
699 667 741 701 et
771 667 915 701 ament
946 662 1190 702 meminisse
1221 664 1365 715 periti.
1407 665 1536 715 1416.

297 721 543 770 Infandum,
580 721 740 772 regina,
774 721 896 762 iubes
929 735 1136 762 renovare
1166 722 1376 764 dolorem.
1419 732 1546 775 1159.

297 780 476 820 Infinita
507 782 530 820 ὲ
561 780 601 820 la
632 781 795 821 schiera
826 781 939 833 degli
969 782 1167 822 sciocchi.
1210 794 1337 834 1419.

299 843 473 892 Ingrata
503 841 656 894 patria,
690 854 744 880 ne
776 854 874 881 ossa
905 842 1079 893 quidem
1111 855 1205 882 mea
1236 843 1388 883 habes.
1423 843 1526 894 637.

298 901 498 951 Ingratus
530 914 642 940 unus
673 901 876 941 omnibus
908 903 1075 941 miseris
1107 907 1249 943 nocet.
1285 902 1388 955 640.

298 962 352 1000 In
383 959 466 999 hoc
497 960 620 1011 signo
652 961 814 1002 vinces.
847 961 950 1013 651.

298 1020 467 1059 Inimici
497 1020 683 1060 hominis
716 1021 937 1061 domestici
969 1022 1078 1074 ejus.
1113 1031 1217 1073 430.

297 1080 573 1132 Iniquissima
604 1080 696 1120 haec
727 1081 939 1121 bellorum
971 1081 1160 1120 conditio
1193 1087 1273 1122 est.
1309 1082 1411 1134 653.

297 1141 350 1179 In
382 1140 506 1180 Italia
537 1141 568 1180 il
597 1145 745 1193 potere
775 1154 864 1181 non
895 1140 950 1180 ha
982 1141 1208 1182 arricchito
1240 1154 1445 1183 nessuno.
1486 1142 1614 1183 1206.

297 1199 472 1240 Initium
508 1201 747 1254 sapientiae,
783 1201 911 1241 timor
943 1201 1123 1242 domini.
1164 1210 1293 1254 1395.

298 1260 352 1300 In
383 1260 547 1311 magnis
580 1266 622 1300 et
653 1260 843 1301 voluisse
875 1265 940 1300 sat
971 1266 1051 1301 est.
1092 1272 1220 1302 1100.

298 1321 351 1359 In
382 1320 657 1372 multiloquio
687 1332 775 1359 non
808 1321 943 1360 deerit
973 1326 1210 1374 peccatum.
1252 1331 1381 1362 1020.

299 1380 480 1419 Innanzi
512 1380 552 1419 al
584 1380 628 1419 di
659 1377 761 1419 dell'
778 1381 929 1420 ultima
959 1381 1131 1434 partita.
1165 1383 1270 1434 483.

297 1439 479 1479 Innanzi
510 1440 587 1479 che
619 1440 810 1479 lasciassi
840 1440 870 1480 il
903 1454 1046 1494 pappo
1078 1454 1101 1481 e
1132 1441 1163 1480 il
1195 1441 1332 1482 dindi.
1370 1449 1471 1492 535.

298 1500 352 1538 In
390 1500 640 1540 necessariis
682 1500 837 1550 unitas,
882 1501 928 1540 in
969 1501 1113 1541 dubiis
1157 1501 1345 1549 libertas,
1383 1501 1428 1540 in
1464 1501 1665 1541 omnibus
1703 1501 1904 1543 charitas.

299 1619 528 1659 Innocenti
558 1619 590 1658 11
620 1619 812 1669 assolvo,
845 1633 868 1659 e
899 1620 960 1659 rei
991 1620 1022 1659 li
1046 1621 1179 1661 dono.
1220 1629 1347 1671 1713.

297 1680 351 1719 In
382 1679 582 1719 omnibus
607 1680 809 1731 operibus
843 1680 927 1719 tuis
958 1693 1194 1720 memorare
1224 1680 1461 1720 novissima
1491 1684 1580 1721 tua.
1615 1682 1719 1722 811.

297 1739 479 1792 Inopem
511 1752 579 1779 me
609 1739 733 1791 copia
763 1740 876 1780 fecit.
918 1749 1046 1791 1174.

296 1800 350 1838 In
381 1804 533 1851 questa
562 1800 699 1838 forma
728 1800 732 1852 Ι
760 1800 895 1839 Passa
924 1799 965 1838 la
997 1799 1109 1840 bella
1141 1799 1286 1839 donna
1322 1812 1345 1838 e
1377 1812 1453 1852 par
1485 1798 1563 1839 che
1595 1800 1761 1841 dorma.
1798 1801 1902 1853 830.
1966 1801 1971 1820 ³

295 1859 350 1897 In
380 1864 533 1911 questo
565 1859 707 1898 secolo
736 1857 741 1913 Ι
771 1856 952 1899 L'abito
984 1861 1007 1899 ὲ
1038 1865 1168 1901 tutto.
1209 1860 1338 1900 1622.
1836 1911 1837 1914 Ἴ

295 1919 483 1969 Insanis,
517 1919 675 1966 Paule;
713 1919 858 1959 multae
891 1924 932 1959 te
963 1920 1097 1959 literae
1129 1920 1184 1959 ad
1213 1919 1424 1959 insaniam
1457 1923 1733 1960 convertunt.
1773 1920 1902 1972 1482.

297 1978 347 2017 In
382 1984 490 2018 sette
522 1983 724 2031 spezzato
757 1979 812 2019 da
844 1984 952 2019 sette
982 1979 1160 2020 confini.
1202 1980 1332 2031 1064.

294 2038 514 2078 Insomma
544 2039 587 2079 io
618 2044 731 2078 resto
762 2040 962 2089 attonito,
995 2040 1050 2079 ne
1081 2053 1212 2092 posso
1243 2038 1492 2079 attribuite!
1535 2048 1663 2089 1929.

295 2098 558 2138 Instauratio
589 2098 781 2138 facienda
811 2100 867 2139 ab
897 2099 994 2139 imis
1026 2100 1331 2140 fundamentis.
1372 2106 1500 2150 1745.

295 2158 559 2210 Intangibile
591 2158 833 2211 conquista.
869 2169 973 2208 922.
1033 2180 1041 2189 ·

295 2218 542 2258 Intendami
572 2218 640 2257 chi
672 2214 763 2270 po’,
801 2215 899 2258 ch'i
931 2215 1171 2258 m'intend'
1186 2219 1245 2259 io.
1287 2227 1415 2268 1711.

295 2278 500 2318 Intender
530 2291 618 2317 non
649 2278 690 2317 la
722 2280 808 2330 puo
840 2278 909 2318 chi
939 2291 1028 2319 non
1059 2280 1101 2318 la
1132 2292 1284 2331 prova.
1320 2290 1393 2330 42.

295 2337 348 2375 In
380 2338 498 2378 tenui
529 2337 667 2386 labor,
703 2343 746 2378 at
777 2339 917 2378 tenuis
949 2351 1038 2378 non
1070 2339 1219 2390 gloria.
1261 2349 1388 2379 1000.

295 2397 414 2437 Inter
445 2411 561 2437 arma
592 2398 719 2438 silent
749 2398 880 2449 leges.
917 2398 1020 2451 645.

275 2457 414 2501 ,Inter
444 2457 743 2510 prandendum
775 2458 831 2497 sit
862 2471 977 2510 saepe
1008 2470 1245 2511 parumque
1277 2456 1529 2497 bibendum.
1569 2456 1698 2507 1387.

294 2516 615 2557 Intolerabilius
648 2517 757 2556 nihil
787 2522 852 2557 est
883 2531 1011 2570 quam
1043 2518 1200 2557 femina
1232 2518 1370 2558 dives.
1409 2516 1509 2567 381.

294 2576 415 2615 Intra
446 2577 529 2616 due
561 2577 663 2626 cibi,
699 2577 877 2617 distanti
909 2590 932 2617 e
964 2578 1174 2618 moventi.
1205 2578 1343 2628 1378.

295 2635 419 2675 Intus
452 2641 494 2676 et
523 2637 569 2676 in
601 2642 697 2676 cute
728 2637 853 2683 novi.
890 2646 1017 2687 1770.

295 2696 348 2733 In
378 2693 598 2735 tutt’altre
628 2697 828 2737 saccende
859 2697 1164 2737 affaccendato.
1206 2705 1335 2748 1724.

294 2755 449 2794 Inveni
480 2761 669 2808 portum.
703 2757 810 2808 Spes
843 2761 885 2796 et
916 2758 1087 2797 fortuna
1119 2757 1276 2798 valete.
1317 2764 1445 2808 1547.

295 2814 348 2853 In
380 2815 516 2854 verita
547 2815 592 2854 vi
625 2816 737 2856 dico.
780 2817 908 2869 1756.

296 2875 349 2912 In
379 2874 483 2914 vino
515 2875 689 2916 veritas,
732 2884 859 2928 1571.
1115 2908 1119 2911 -

295 2933 348 2972 In
379 2933 495 2973 virtu
526 2935 579 2973 de
611 2934 652 2973 la
684 2940 805 2974 santa
838 2935 1033 2975 bolletta.
1076 2943 1204 2985 1179.

294 2993 438 3032 Invita
469 2994 682 3035 Minerva.
720 3002 820 3043 701.

295 3052 346 3092 Io
377 3053 504 3093 credo
536 3050 605 3092 ch’
626 3054 665 3093 ei
695 3054 883 3093 credette
915 3050 985 3093 ch’
1004 3054 1047 3093 io
1079 3053 1291 3094 credesse.
1333 3061 1461 3104 1774.
