2014 3386
313 133 399 174 442
952 122 1036 162 Chz·
1063 123 1166 162 l’lza
1196 125 1310 163 detto
1325 123 1346 164 ,ἲ
1761 125 1921 182 [1536]

313 290 392 331 che
423 291 622 332 vedendo
653 304 826 345 passare
856 305 931 345 per
963 292 1003 332 la
1035 293 1178 333 strada
1208 306 1267 333 un
1301 294 1472 335 filososo
1503 296 1614 335 assai
1643 296 1752 336 male
1781 297 1827 336 in
1856 310 1922 337 ar-

311 378 413 406 nese
444 366 501 418 gli
532 366 679 418 grido:
717 367 879 406 Povera
909 381 931 406 e
962 370 1084 406 nuda
1115 380 1219 417 ecc.,
1258 369 1325 407 cui
1358 369 1387 408 il
1428 369 1599 409 filosofo
1630 372 1921 412 continuando

311 440 352 480 la
382 441 608 491 citazione,
642 441 807 494 rispose
839 447 1255 495 opportunamente:
1289 444 1398 483 Dice
1430 446 1474 484 la
1506 447 1633 484 turba
1653 448 1701 485 al
1727 440 1794 486 vil
1807 460 1920 499 gua-

311 517 452 568 dagno
483 516 633 567 z'ntesa)
667 520 872 555 trarremo
903 529 990 556 una
1019 516 1129 556 srase
1159 517 1342 568 celebre,
1375 518 1407 557 il

321 615 475 678 1536.
519 611 743 681 Cogito,
785 630 923 681 ergo
963 631 1106 666 sum.

309 742 537 782 enunciato
570 742 624 781 da
646 742 791 782 Ram&
815 743 1097 783 DESCARTES
1129 743 1199 783 nei
1220 745 1445 796 Prz'ncipe›s
1468 746 1630 786 th'los.
1655 747 1709 799 (Ι,
1738 755 1759 797 7
1787 761 1809 787 e
1834 751 1919 802 10).

309 815 394 856 Del
414 823 527 855 resto
552 829 647 855 esso
670 829 741 855 era
757 813 786 855 l’
799 817 984 856 assioma
1000 817 1316 857 fondamentale
1333 819 1445 858 della
1462 819 1649 860 filosofia
1665 822 1918 864 cartesiana:

310 890 459 930 vedasi
480 890 614 930 anche
635 890 666 930 il
691 892 902 931 Dz'scours
923 894 974 930 de
1000 894 1043 931 la
1063 893 1262 931 Me‘tlzode
1275 899 1396 944 pour
1415 896 1510 933 bien
1535 897 1742 935 conduz‘re
1761 910 1809 936 sa
1833 899 1918 936 rai-

309 978 400 1005 son.
435 966 495 1004 Le
528 965 683 1016 origini
713 966 757 1005 di
789 973 940 1018 questa
963 972 1164 1006 sentenza
1189 969 1449 1019 potrebbero
1470 970 1653 1008 trovarsi
1675 970 1746 1009 nel
1767 971 1923 1012 cicero-

309 1041 439 1080 niano
464 1041 610 1079 Vivere
627 1047 689 1080 est
702 1044 889 1094 cogitare
903 1042 965 1091 (T
959 1044 1100 1082 uscul.
1120 1048 1290 1094 quaest„
1303 1056 1396 1095 cap.
1417 1045 1475 1093 V,
1496 1042 1603 1099 §38)
1622 1057 1644 1084 e
1661 1050 1921 1097 soprattutto

309 1115 350 1155 in
385 1128 444 1155 un
478 1116 703 1168 passaggio
735 1116 804 1155 dei
837 1117 1055 1168 Solz'loquz'
1084 1117 1127 1155 di
1159 1117 1205 1157 S.
1230 1119 1506 1159 AGOST1N0:
1543 1135 1561 1155 «
1580 1119 1641 1160 R.
1670 1120 1738 1160 Tu
1760 1120 1834 1172 qui
1855 1121 1921 1161 vis

309 1199 350 1233 te
382 1205 527 1242 nosse,
564 1193 644 1233 scis
678 1197 719 1232 te
750 1194 870 1233 esse?
891 1215 922 1222 —
942 1195 1001 1233 A.
1027 1193 1142 1233 Scio.
1167 1216 1197 1222 -
1218 1194 1279 1234 R.
1306 1194 1436 1233 Unde
1467 1194 1577 1235 scis?
1601 1217 1626 1224 -
1649 1197 1707 1236 A.
1742 1196 1920 1239 Nescio.

308 1290 332 1297 -
355 1269 416 1308 R.
446 1267 690 1320 Simplicem
713 1272 755 1307 te
777 1262 909 1307 se'ntis
932 1280 986 1307 an
1010 1267 1320 1320 multiplicem?
1347 1291 1368 1297 -
1392 1270 1451 1309 A.
1479 1268 1659 1309 Nescio.
1686 1292 1710 1299 -
1735 1270 1797 1310 R.
1825 1271 1923 1310 Mo-

309 1342 399 1382 veri
430 1347 472 1382 te
504 1342 617 1383 scis?
650 1365 675 1372 -
705 1344 764 1383 A.
801 1343 978 1383 Nescio.
1015 1365 1042 1372 —
1073 1343 1135 1383 R.
1171 1343 1369 1394 Cogitare
1402 1348 1443 1384 te
1476 1344 1587 1385 scis?
1611 1367 1636 1374 -
1661 1347 1718 1385 A.
1753 1345 1869 1386 Scio.
1895 1367 1920 1376 -

307 1418 370 1458 R.
398 1419 515 1468 Ergo
538 1430 686 1457 verum
709 1422 774 1458 est
798 1417 984 1468 cogitare
1006 1422 1063 1458 te.
1087 1440 1112 1447 -
1133 1420 1192 1458 A.
1213 1419 1392 1459 Verum.
1418 1435 1436 1454 »
1459 1420 1726 1471 (Solz‘loquz‘a,
1753 1419 1831 1462 lib.
1856 1421 1919 1471 ΙΙ,

309 1504 403 1544 cap.
446 1493 499 1543 1).

370 1568 444 1606 Ma
475 1567 701 1606 Descartes
734 1568 909 1619 concepi
940 1579 963 1606 e
995 1567 1138 1607 svolse
1169 1567 1199 1606 il
1231 1568 1440 1620 principio
1473 1567 1551 1608 che
1573 1569 1595 1608 ὲ
1617 1568 1788 1609 cardine
1812 1567 1923 1608 della

307 1655 384 1682 sua
406 1641 610 1690 filosofia,
635 1641 1085 1693 indipendentemente
1107 1641 1161 1680 da
1181 1641 1283 1693 ogni
1307 1642 1451 1682 studio
1474 1642 1584 1682 della
1609 1642 1799 1683 dottrina
1820 1656 1922 1694 ago-

307 1715 508 1766 stiniana,
544 1715 622 1754 che
652 1715 764 1755 forse
796 1716 854 1766 gli
885 1728 956 1755 era
987 1721 1090 1755 nota
1122 1716 1215 1755 solo
1245 1716 1645 1768 imperfettamente.
1671 1717 1819 1756 Infatti
1839 1716 1922 1768 egli

307 1792 501 1831 s'criveva
532 1791 601 1830 nel
641 1790 751 1843 1640
785 1805 808 1830 a
840 1790 908 1830 chi
940 1790 982 1831 lo
1014 1804 1148 1831 aveva
1181 1791 1395 1831 avvertito
1427 1791 1539 1831 della
1562 1792 1923 1844 corrispondenza

306 1865 417 1906 della
434 1879 511 1905 sua
529 1866 718 1905 dottrina
736 1865 945 1905 filosofica
962 1878 1042 1905 con
1055 1866 1087 1905 il
1103 1879 1230 1918 passo
1243 1866 1371 1906 citato
1387 1866 1455 1905 dei
1474 1867 1740 1918 Solz'loquz'a:
1762 1884 1780 1903 «
1798 1864 1925 1906 Vous'

307 1939 475 1982 m'avez
507 1942 651 1993 oblige
682 1942 734 1981 de
766 1938 988 1982 m’avertir
1020 1942 1078 1982 du
1110 1955 1289 1995 passage
1320 1942 1373 1981 de
1395 1942 1506 1982 saint
1528 1942 1742 1993 Augustin
1766 1941 1922 1994 auquel

307 2030 407 2057 mon
440 2017 516 2070 «je
547 2030 680 2070 pense
707 2017 819 2056 donc
847 2017 891 2070 je
923 2016 1011 2057 suis
1030 2033 1048 2054 »
1081 2031 1105 2056 a
1136 2017 1322 2069 quelque
1353 2021 1551 2070 rapport;
1585 2017 1629 2069 je
1650 2013 1726 2056 l’ai
1757 2018 1823 2056 ete
1844 2016 1920 2056 lire
1947 2036 1949 2038 ·

306 2089 587 2146 aujourd’hui
619 2105 672 2132 en
704 2093 745 2131 la
776 2092 1073 2144 bibliotheque
1105 2092 1158 2132 de
1190 2096 1297 2132 cette
1319 2092 1436 2141 ville,
1464 2097 1506 2131 et
1526 2092 1569 2144 je
1591 2096 1744 2132 trouve
1765 2092 1920 2131 verita-

306 2166 496 2206 blement
527 2163 638 2219 qu'il
669 2163 764 2206 s'en
789 2171 875 2206 sert
899 2180 1008 2218 pour
1030 2178 1216 2219 prouver
1241 2165 1282 2205 la
1305 2165 1512 2205 certitude
1534 2166 1586 2205 de
1608 2170 1732 2205 notre
1753 2167 1916 2207 ἐπα...

305 2245 348 2281 et
378 2237 486 2281 c’est
517 2253 601 2280 une
634 2240 763 2280 chose
795 2241 869 2293 qui
900 2241 954 2280 de
985 2241 1049 2280 soi
1081 2244 1146 2280 est
1178 2241 1214 2280 si
1246 2239 1398 2292 simple
1420 2245 1461 2280 et
1484 2240 1519 2279 si
1540 2240 1749 2280 naturelle
1770 2242 1795 2280 a
1814 2241 1919 2280 inse-

305 2327 372 2354 rer
403 2311 541 2366 qu'on
573 2319 654 2365 est,
690 2315 743 2354 de
775 2327 821 2354 ce
852 2311 989 2366 qu’on
1022 2314 1167 2364 doute,
1205 2310 1365 2366 qu'elle
1387 2313 1523 2353 aurait
1544 2326 1602 2366 pu
1627 2315 1796 2354 tomber
1817 2327 1918 2354 sous

304 2388 345 2428 la
375 2389 520 2442 plume
552 2389 605 2429 de
637 2389 710 2442 qui
732 2401 816 2442 que
840 2402 886 2428 ce
908 2389 1012 2437 soit3
1041 2389 1145 2429 mais
1165 2389 1209 2441 je
1230 2401 1284 2428 ne
1306 2388 1431 2428 laisse
1453 2402 1528 2441 pas
1552 2385 1690 2429 d’etre
1711 2389 1811 2429 bien
1832 2389 1919 2429 aise
1956 2368 1970 2379 θ

306 2459 477 2503 d'avoir
509 2465 734 2503 rencontre
766 2475 868 2503 avec
900 2463 1011 2503 saint
1042 2463 1276 2514 Augustin.
1298 2478 1317 2499 »

366 2538 635 2578 Correlativo
668 2538 737 2578 del
767 2538 979 2591 principio
1010 2540 1143 2590 cogito
1167 2551 1267 2590 ergo
1296 2551 1394 2577 sum
1419 2539 1441 2577 ὲ
1466 2534 1495 2576 l'
1513 2538 1622 2578 altro
1643 2537 1714 2578 nel
1738 2537 1865 2590 quale
1886 2537 1918 2578 il

306 2614 499 2653 Cartesio
531 2610 567 2653 s’
584 2614 782 2653 avvicino
809 2612 870 2652 di.
887 2613 961 2666 piu
993 2613 1076 2653 alla
1099 2614 1235 2653 forma
1256 2613 1470 2653 dialettica
1494 2613 1538 2652 di
1559 2614 1605 2654 S.
1629 2613 1858 2664 Agostino,
1894 2626 1918 2653 e

305 2687 384 2728 che
415 2689 451 2728 si
483 2688 644 2728 ritrova
675 2688 719 2727 in
751 2687 874 2728 molti
904 2687 1054 2739 luoghi
1084 2688 1195 2727 delle
1226 2701 1355 2740 opere
1386 2688 1618 2728 cartesiane
1640 2701 1709 2728 ma
1739 2687 1918 2741 special-

308 2766 450 2801 mente
482 2758 806 2815 nell'opuscolo
837 2757 1071 2814 Inquisitio
1101 2764 1297 2800 veritatis
1320 2767 1408 2813 per
1438 2764 1586 2800 lumen
1619 2763 1846 2800 naturale.-

373 2865 577 2905 «Dubito
609 2878 710 2917 ergo
743 2879 853 2915 sum,
891 2865 973 2915 vel,
1011 2866 1129 2918 quod
1161 2866 1261 2906 item
1294 2871 1375 2915 est,
1402 2866 1543 2917 cogito
1565 2878 1666 2917 ergo
1697 2878 1810 2906 sum.
1830 2881 1848 2903 »

310 3051 440 3102 1536.
476 3051 632 3100 Penso,
672 3051 847 3103 dunque
878 3052 1025 3092 esisto.
