2014 3386
746 124 786 162 A
819 124 894 162 clu·
922 126 1042 176 legge
1650 136 1698 164 XI

9 291 18 297 “
93 291 195 342 bus
218 310 335 343 non
359 297 444 344 est
462 293 890 362 disputandum.
912 295 1013 345 Ma
1033 294 1181 346 forse
1202 296 1447 346 credeva
1467 295 1583 362 egli
1611 296 1698 345 sul

94 380 241 432 serio
269 382 375 432 che
401 383 447 432 si
472 390 697 447 potesse
724 383 859 433 dare
881 400 914 432 a
938 383 1181 449 qualche
1206 384 1438 441 classico
1461 399 1697 432 romano

27 487 30 490 ’
92 469 151 519 10
179 467 465 536 paternita
492 470 550 520 di
577 477 778 537 questo
803 469 1022 521 latinus
1040 469 1316 538 grossus?
1346 469 1557 520 Invece
1582 486 1696 520 non

93 555 126 607 e
163 559 307 608 altro
346 559 453 608 che
491 575 607 608 una
644 558 854 609 facezia
892 558 1188 609 scolastica
1227 558 1320 608 del
1360 557 1549 608 medio
1588 574 1697 608 evo

93 646 181 696 sul
212 662 424 713 genere
456 648 549 697 del
590 646 850 698 Gratatz‘o
887 645 1089 715 capitis
1110 645 1268 716 facit
1306 645 1589 696 recordare
1613 663 1697 696 co-

90 732 260 784 sellas
287 751 321 785 0
346 735 439 785 del
465 735 603 785 Non
626 738 711 785 est
731 735 797 786 de
818 752 969 785 sacco
999 733 1331 804 z‘stafarz'na
1358 737 1488 792 tam,-
1516 751 1547 784 e
1571 751 1698 784 nes-

91 838 235 872 suno
261 821 427 889 potra
453 825 566 874 mai
592 841 789 891 sapere
815 825 855 874 il
876 841 1044 875 nome
1062 824 1191 874 dell'
1207 824 1408 891 ignoto
1434 823 1695 890 goliardo

92 912 199 962 che
225 913 411 978 primo
428 913 484 962 la
505 913 669 974 disse,
700 930 861 963 come
887 930 1003 963 non
1031 914 1077 962 si
1102 930 1179 973 sa,
1208 911 1281 962 ne
1305 911 1351 962 si
1371 909 1539 978 sapra
1563 913 1693 973 mai,

92 1000 186 1051 chi
212 1001 399 1068 primo
426 1002 575 1052 disse
598 1001 815 1053 spselz‘us
838 1005 922 1052 est
942 1001 1225 1051 abundare
1255 1018 1422 1068 quam
1451 1000 1689 1065 deficere,

91 1106 126 1140 o
150 1090 244 1140 chi
269 1090 419 1140 disse
442 1090 758 1141 Promz‘ssz’o
782 1089 913 1141 boni
934 1089 1052 1141 viri
1078 1093 1162 1140 est
1184 1088 1458 1157 οόἰίὲαίίο,
1488 1106 1521 1139 0
1546 1089 1581 1139 l'
1597 1106 1695 1140 au-

90 1185 213 1228 tore
253 1179 408 1246 degli
447 1178 655 1229 infiniti
694 1177 947 1229 brocards
984 1178 1277 1246 giuridici:
1312 1176 1570 1245 Negantz'
1606 1177 1696 1228 in-

88 1266 298 1317 cumbit
309 1267 563 1335 probatio
572 1289 596 1326 ,·
620 1267 819 1318 Potior
841 1271 1093 1336 tempore,
1117 1266 1485 1336 potz'orjure,·
1514 1266 1694 1324 Testis

90 1371 262 1413 unuS,
306 1355 465 1406 testis
503 1355 703 1406 nullus
714 1378 739 1415 ,·
776 1358 868 1407 De
907 1356 1168 1407 minimis
1200 1374 1315 1407 non
1346 1360 1511 1407 curat
1529 1361 1695 1425 prae-

90 1446 192 1502 tor,
229 1461 343 1495 ece.
371 1445 420 1495 Il
452 1462 675 1496 cercare
706 1445 839 1496 frasi
871 1445 1082 1515 siffatte
1114 1446 1207 1496 nel
1240 1447 1354 1495 mio
1382 1445 1692 1512 repertorio

89 1528 122 1581 ὲ
159 1538 355 1597 tempo
392 1533 652 1597 perdut0‚
687 1550 718 1583 e
757 1533 797 1583 il
835 1533 1087 1600 lagnarsi
1127 1532 1186 1583 di
1226 1550 1341 1583 non
1377 1533 1692 1583 trovarcele

88 1635 205 1669 non
237 1617 268 1670 ὲ
299 1620 696 1687 ragionevole:
732 1628 893 1671 tanto
925 1623 1205 1672 varrebbe
1237 1621 1403 1672 farmi
1436 1622 1602 1688 colpa
1633 1623 1691 1672 di

88 1724 205 1758 non
245 1725 416 1759 avere
454 1709 513 1759 in
564 1717 763 1776 queste
808 1710 1021 1778 pagine
1068 1706 1418 1778 investigato
1466 1711 1559 1761 chi
1609 1710 1692 1761 sia

86 1797 124 1846 l'
146 1804 345 1848 autore
383 1798 442 1848 di
473 1798 686 1866 Moglz'e
715 1816 744 1849 e
774 1798 905 1849 huoi
930 1798 1025 1850 dez·
1042 1798 1209 1868 paesi
1238 1798 1375 1857 tuoz',
1413 1817 1446 1849 o
1480 1800 1537 1849 di
1570 1800 1693 1850 Me-

78 1883 199 1953 glz'o
230 1902 314 1935 un
327 1885 652 1954 frz‘nguello
683 1886 810 1955 oggi
836 1887 932 1938 che
962 1905 1045 1937 un
1077 1886 1232 1938 torcio
1263 1886 1499 1938 domani
1526 1887 1614 1954 (1).

161 1973 222 2024 A
254 1970 355 2040 piu
387 1974 441 2025 d'
455 1992 571 2026 uno
604 1974 634 2026 0
666 1992 833 2041 parso
866 1977 972 2027 che
1004 1977 1155 2027 nello
1187 1977 1473 2044 spigolare
1506 1977 1599 2027 dai
1631 1976 1691 2026 li-

86 2061 276 2137 bretti¹
306 2063 814 2114 melodrammatici
854 2064 908 2114 io
956 2064 1127 2115 abbia
1172 2066 1470 2115 ecceduto:
1521 2081 1552 2115 e
1591 2064 1689 2131 qui

85 2149 142 2198 la
180 2149 391 2210 critica,
435 2152 660 2203 almeno
698 2169 801 2218 per
837 2153 893 2202 la
923 2152 1109 2218 prima
1140 2152 1410 2214 edizione,
1445 2170 1561 2203 non
1595 2169 1690 2203 era

86 2253 254 2287 senza
284 2237 672 2291 fondamento,
701 2239 802 2291 Ma
833 2257 949 2291 non
982 2242 1059 2291 mi
1095 2258 1452 2292 mancavano
1484 2243 1536 2292 le
1567 2241 1689 2308 giu-

84 2324 433 2380 stificazioni.
451 2327 750 2379 L’incanto
771 2329 920 2379 della
939 2329 1156 2380 musica
1176 2331 1267 2380 dei
1288 2331 1465 2380 nostri
1483 2330 1687 2380 sommi

86 2415 450 2481 compositori
472 2418 693 2482 (dicevo
714 2418 865 2469 nella
890 2418 1211 2485 prefazione
1239 2420 1349 2469 alla
1371 2419 1557 2485 prima
1577 2420 1687 2470 edi-

150 2667 207 2716 (1)
234 2667 297 2704 Mi
330 2668 484 2705 riservo
516 2669 658 2707 invece
692 2669 732 2707 di
764 2670 914 2707 riunire
946 2670 987 2708 in
1019 2683 1076 2708 un
1103 2670 1332 2710 volumetto
1357 2670 1432 2709 che
1455 2673 1685 2723 comparira

85 2740 149 2778 fra
178 2739 314 2791 poche
347 2741 565 2779 settimane
589 2743 654 2780 nei
680 2742 867 2780 Manuali
895 2742 1067 2794 Hoepli,
1093 2757 1176 2782 una
1200 2745 1381 2783 raccolta
1402 2746 1474 2796 piu
1497 2744 1572 2784 che
1594 2746 1685 2784 sara

85 2812 284 2863 possibile
315 2814 524 2865 completa
557 2815 597 2853 di
631 2822 738 2854 tutte
769 2816 807 2854 le
840 2816 936 2854 frasi
959 2829 980 2854 0
1003 2816 1205 2855 locuzioni
1229 2818 1354 2857 latine
1376 2818 1451 2857 chc
1473 2820 1684 2857 ricorrono

84 2886 152 2923 nei
182 2885 274 2925 libri
308 2900 330 2925 e
362 2889 426 2926 nei
460 2889 649 2936 discorsi,
685 2902 900 2941 comprese
931 2890 1069 2940 quelle
1101 2890 1176 2929 che
1209 2891 1278 2930 dal
1302 2898 1492 2942 presente
1518 2892 1683 2931 volume

85 2970 192 2997 sono
223 2960 383 3000 escluse
415 2974 488 3013 per
518 2962 557 3000 10
588 2964 744 3013 ragioni
777 2971 1000 3004 accennate
1032 2978 1058 3003 o
1091 2977 1164 3016 per
1195 2965 1312 3004 altre.
