2014 3386
279 129 364 169 616
862 132 1010 170 Indice
1041 133 1151 171 delle
1170 133 1299 185 frasi

277 300 355 340 Si
341 313 384 353 Je
407 299 540 340 tenais
573 304 713 339 toutes
737 299 796 339 les
822 301 977 341 vetites
1000 301 1106 342 dans
1131 316 1199 343 ma
1224 303 1355 354 main,
1380 303 1423 356 je
1447 317 1514 343 me
1532 303 1759 343 donnerais
1781 304 1881 345 bien

324 361 389 399 de
420 360 549 411 garde
581 360 634 398 de
665 357 863 401 l'ouvrir.
906 370 1035 412 1439.

277 421 323 460 Si
354 417 536 470 l'argent
567 425 645 468 est,
683 433 846 459 comme
879 433 935 460 on
967 421 1046 472 dit,
1081 422 1120 461 le
1151 423 1249 465 nerf
1273 423 1326 462 de
1356 422 1397 462 la
1428 435 1594 473 guerre,
1620 423 1651 462 il
1682 427 1747 463 est
1767 423 1882 463 aussi

336 480 376 518 la
406 480 565 530 graisse
597 479 650 518 de
680 479 721 520 la
752 480 873 532 paiX..
902 480 1004 532 644.

277 539 323 579 Si
345 539 446 578 latet
468 539 512 579 in
534 539 635 578 vino
653 540 824 589 veritas,
852 545 898 579 ut
922 541 1150 592 proverbia
1175 541 1338 591 dicunt,
1362 542 1528 581 invenit
1549 554 1698 581 verum
1719 543 1878 593 Teuto,

336 599 405 638 vel
436 599 641 639 inveniet.
683 608 809 652 1571.

277 658 414 698 Silent
445 659 558 710 leges
590 659 700 699 inter
731 673 862 699 arma.
900 659 1001 711 645.

277 718 441 758 Similia
472 718 682 758 similibus
714 725 930 759 curentur.
970 721 1098 770 1380.

276 779 323 818 Si
355 783 518 818 mutare
560 784 701 830 potest
748 779 956 831 AEthiops
999 779 1153 832 pellem
1186 793 1320 829 suam,
1358 785 1430 819 aut
1462 780 1620 833 pardus
1654 781 1880 822 varietates

338 851 452 878 suas.
495 846 622 890 1755.

277 898 377 938 Sine
400 899 551 938 Cerere
581 903 624 937 et
655 897 812 936 Libero
843 897 966 949 friget
997 899 1165 939 Venus.
1207 899 1334 951 1561.

277 958 379 998 Sine
411 958 472 997 ira
504 963 545 997 et
578 957 736 997 studio.
778 963 906 1006 1700.

278 1018 380 1058 Sine
412 1022 460 1057 ut
491 1018 650 1057 mortui
681 1017 888 1069 sepeliant
919 1022 1112 1057 mortuos
1145 1031 1263 1059 suos.
1306 1026 1435 1069 1352.

277 1078 413 1117 Sinite
443 1078 646 1130 parvulos
683 1077 824 1116 venire
849 1077 903 1117 ad
935 1090 1017 1118 me.
1055 1077 1156 1129 538.

278 1138 324 1177 Si
354 1151 464 1176 nous
498 1134 699 1177 n'avions
730 1137 852 1189 point
883 1137 936 1176 de
968 1137 1151 1187 de‘esauts,
1186 1150 1295 1176 nous
1327 1150 1381 1176 ne
1411 1137 1666 1190 prendrions
1692 1151 1768 1191 pas
1791 1143 1882 1179 tant

336 1198 389 1236 de
420 1197 565 1250 plaisir
596 1199 629 1237 ἐι.
651 1210 704 1236 en
735 1199 977 1249 remarquer
1010 1198 1116 1238 dans
1148 1197 1208 1236 les
1241 1202 1397 1236 autres.
1437 1205 1538 1249 747.

277 1257 323 1296 Si
354 1270 464 1296 nous
496 1254 697 1297 n’avions
729 1257 851 1308 point
882 1253 1113 1308 d'orgueil,
1147 1270 1256 1297 nous
1288 1271 1342 1297 ne
1373 1270 1483 1296 nous
1517 1257 1782 1310 plaindrions
1807 1270 1882 1310 pas

339 1318 392 1356 de
425 1317 533 1356 celui
565 1318 639 1357 des
672 1321 830 1356 autres.
866 1317 968 1366 960.

278 1377 373 1417 Sint
404 1381 451 1416 ut
484 1383 583 1417 sunt
615 1382 687 1416 aut
719 1389 807 1415 non
840 1377 940 1417 sint.
977 1377 1078 1426 969.

277 1433 379 1476 S'io
411 1437 469 1476 ho
501 1437 662 1485 fallato,
698 1437 970 1489 perdonanza
1001 1436 1195 1487 chieggo.
1231 1438 1334 1488 985.

277 1493 378 1536 S’io
411 1510 564 1548 vegno,
601 1509 690 1536 non
720 1497 929 1548 rimango.
970 1504 1097 1547 1705.

277 1557 324 1596 Si
355 1570 458 1610 pace
489 1557 571 1596 frui
603 1557 817 1606 volumus,
855 1556 1015 1596 bellum
1047 1556 1281 1607 gerendum
1314 1562 1394 1599 est.
1431 1559 1535 1598 662.

278 1616 337 1666 Si,
377 1616 626 1665 Palamede3
663 1616 746 1657 alla
776 1617 891 1667 regal
923 1618 1139 1656 Messene.
1176 1616 1277 1667 665.

278 1677 324 1717 Si
356 1690 488 1729 parva
519 1677 616 1716 licet
647 1689 903 1728 componere
935 1676 1116 1727 magnis.
1157 1676 1285 1726 1763.

278 1736 324 1775 Si
354 1737 558 1789 possibile
591 1741 668 1785 est,
707 1742 892 1776 transeat
923 1750 948 1775 a
979 1749 1046 1775 me
1078 1735 1185 1775 calix
1218 1735 1313 1777 iste.
1355 1737 1484 1778 1608.

277 1797 322 1836 Si
354 1797 449 1849 quis
481 1809 569 1836 non
601 1796 695 1835 vult
726 1796 909 1848 operari,
942 1808 1020 1834 nec
1052 1796 1294 1836 manducet.
1331 1806 1433 1847 993.

278 1857 324 1895 Si
356 1869 539 1909 scopron
571 1856 609 1895 le
642 1858 805 1904 tombe,
841 1857 876 1897 si
908 1855 1062 1895 levano
1095 1856 1109 1894 i
1140 1856 1283 1896 morti.
1320 1856 1423 1908 674,
1465 1863 1593 1907 1073.

277 1917 322 1955 Si
355 1917 498 1968 spiega
530 1916 639 1955 assai
670 1916 738 1955 chi
771 1913 1051 1957 s’arrossisce
1083 1929 1105 1954 e
1137 1920 1243 1955 tace.
1285 1925 1411 1968 1034.

276 1976 322 2016 Si
353 1982 498 2015 stanca
527 1977 557 2015 il
589 1976 694 2015 cielo
724 1975 729 2025 ξ
757 1973 995 2015 D'assister
1027 1975 1095 2014 chi
1122 1975 1169 2017 10
1200 1975 1374 2016 insulta.
1415 1986 1544 2027 1341.

277 2036 342 2076 Sit
375 2036 616 2076 anathema.
659 2037 786 2076 1808.

276 2096 342 2136 Sit
372 2102 512 2136 autem
545 2109 683 2136 sermo
716 2099 881 2140 vester;
918 2100 995 2144 est,
1033 2099 1123 2135 est:
1159 2107 1248 2134 non
1278 2107 1382 2135 non.
1423 2105 1552 2146 1213.

277 2156 322 2195 Si
356 2156 434 2195 tibi
464 2155 664 2196 deficiant
695 2155 860 2204 medici,
898 2155 1051 2194 medici
1081 2154 1160 2194 tibi
1189 2155 1313 2196 fiant.
1353 2155 1482 2205 1382.

278 2215 341 2265 Si,
375 2216 591 2265 vendetta,
629 2216 847 2256 tremenda
879 2215 1096 2254 vendetta.
1136 2223 1235 2266 724.

277 2275 324 2315 Si
355 2276 420 2314 vis
452 2289 615 2328 pacem,
650 2289 753 2328 para
784 2275 959 2315 bellum.
996 2275 1098 2314 662.

277 2332 421 2374 S'ode
451 2350 474 2374 a
506 2336 648 2375 destra
679 2349 766 2375 uno
799 2334 954 2388 squillo
987 2334 1031 2373 di
1063 2335 1246 2374 tromba.
1284 2336 1388 2384 672.

277 2396 404 2435 Soeur
437 2398 575 2444 Anne,
612 2396 687 2446 qui
717 2408 771 2435 ne
802 2395 893 2434 voit
925 2395 1016 2433 rien
1048 2394 1185 2434 venir.
1226 2394 1355 2446 1841.
1407 2431 1409 2433 ,

278 2455 422 2506 Sogna
452 2455 483 2494 il
514 2455 701 2506 guerrier
732 2455 771 2495 le
802 2454 980 2494 schiere.
1017 2463 1118 2505 304.

278 2515 424 2565 Sogno
456 2512 500 2554 d'
516 2515 684 2554 infermi
715 2528 738 2554 e
769 2515 854 2554 fola
886 2514 929 2552 di
961 2512 1170 2553 romanzi.
1210 2513 1309 2562 783.

277 2574 478 2614 Solamen
508 2575 672 2613 miseris
705 2574 843 2614 socios
875 2573 1076 2613 habuisse
1107 2572 1332 2612 malorum.
1370 2581 1473 2622 233.

279 2634 459 2683 Soldati,
481 2631 704 2683 .all'armi‚
742 2630 949 2683 all’armi.
986 2635 1088 2684 675.

278 2693 467 2743 Soldats‚
495 2707 651 2745 songez
677 2707 776 2746 que,
801 2695 859 2733 du
891 2693 996 2733 haut
1019 2694 1072 2732 de
1104 2705 1179 2731 ces.
1204 2691 1462 2744 pyramides,
1499 2693 1703 2743 quarante
1734 2684 1880 2727 siecles

338 2766 446 2792 vous
479 2754 786 2805 contemplent.
826 2763 956 2804 1141.

280 2813 429 2851 Solent
461 2826 582 2865 pares
615 2813 735 2852 facile
766 2812 1014 2864 congregari
1045 2824 1140 2850 cum
1173 2810 1365 2862 paribus.
1403 2818 1472 2859 70.

279 2872 372 2912 Soli
402 2885 600 2911 eravamo
631 2886 653 2912 e
686 2886 813 2912 senza
844 2873 968 2911 alcun
1001 2875 1208 2923 sospetto.
1245 2880 1347 2921 223.

277 2932 475 2971 Solitaria
506 2929 606 2971 nell’
625 2933 759 2982 oblio,
787 2932 856 2970 dal
888 2937 963 2971 tuo
995 2943 1123 2982 sposo
1156 2929 1472 2969 abbandonata.
1510 2928 1610 2976 287.

279 2991 383 3030 Solo
416 3004 472 3030 un
507 2997 642 3043 punto
673 2992 717 3030 fu
750 2992 849 3043 quel
880 2991 958 3030 che
989 2991 1025 3030 ci
1058 2990 1196 3030 vinse.
1233 2989 1304 3040 85.

279 3050 531 3101 Something
561 3052 596 3090 is
629 3056 768 3090 rotten
799 3051 843 3090 in
875 3050 947 3090 the
979 3054 1087 3090 state
1118 3050 1168 3089 os
1191 3046 1432 3088 Denmark!
1473 3053 1599 3096 1743.
