2014 3386
255 146 336 186 612
841 147 988 185 Indice
1019 147 1128 185 delle
1147 147 1276 200 frasi

254 316 385 368 Quod
415 328 504 356 non
534 316 724 357 fecerunt
755 316 954 368 Barbari,
985 318 1213 358 Barbarini
1245 319 1450 360 fecerunt.
1491 319 1591 371 518.

255 376 385 428 Quod
416 376 582 429 scripsi,
617 377 783 429 scripsi.
820 377 924 428 980.

249 436 385 488 ‚Quod
416 449 544 488 supra
574 448 654 476 nos
686 436 795 476 nihil
826 438 880 476 ad
911 449 1006 477 nos.
1048 445 1175 489 1335.

255 495 385 548 Quod
417 495 494 551 tibi
527 495 620 535 fieri
650 508 739 536 non
770 496 852 546 vis,
887 496 1008 536 alteri
1040 509 1094 536 ne
1124 497 1288 538 seceris.
1329 498 1458 540 1288.

255 552 405 608 Qu’on
435 568 503 595 me
535 555 678 595 donne
710 556 775 595 six
806 556 942 608 lignes
973 556 1122 597 ecrites
1155 557 1208 597 de
1238 558 1280 597 la
1310 559 1425 597 main
1457 559 1515 598 du
1547 559 1643 612 plus
1674 558 1862 600 honnete

313 614 502 655 homme.
531 623 631 668 751.

255 674 450 727 Quorum
482 687 579 727 pars
612 688 765 727 magna
796 675 872 716 fui.
914 675 1042 727 1684.

257 735 378 786 Quos
411 747 507 786 ego.
546 735 646 783 716.

253 794 375 846 Quos
407 794 500 834 vult
531 795 708 847 perdere
738 794 909 847 Jupiter
941 794 1158 836 dementat
1187 797 1323 849 prius.
1365 807 1492 849 1424.

256 854 375 906 Quot
405 854 601 894 homines
635 859 699 894 tot
732 855 973 895 sententiae.
998 854 1114 908 870.

255 914 374 966 Quot
405 914 533 963 servi,
567 919 632 954 tot
663 914 826 955 hostes.
866 925 966 966 214.

254 974 492 1029 Quousque
523 967 711 1023 tandem,
747 973 945 1024 Catilina,
982 975 1157 1015 abutere
1188 975 1392 1028 patientia
1425 978 1601 1017 nostra?
1639 979 1769 1018 1811.

254 1093 374 1132 Race
405 1089 769 1144 d’Agamemnon,
806 1094 880 1146 qui
911 1106 964 1134 ne
998 1093 1094 1134 finit
1121 1094 1304 1147 jamais!
1346 1095 1472 1144 1906.

253 1153 380 1193 Rade
411 1153 527 1193 volte
558 1154 722 1204 risurge
754 1167 828 1206 per
859 1154 890 1193 li
920 1154 1027 1194 rami
1055 1153 1060 1210 Ι
1090 1151 1312 1194 L'umana
1343 1156 1573 1207 probitate.
1607 1164 1711 1208 435.

254 1213 429 1265 Ragion
460 1219 609 1253 contra
631 1214 748 1253 sorza
778 1227 867 1253 non
897 1213 954 1253 ha
984 1213 1096 1255 loco.
1133 1224 1237 1267 511.

255 1273 430 1326 Rapisti
461 1273 500 1312 al
532 1274 610 1313 ciel
641 1274 680 1313 le
711 1273 880 1325 folgori.
920 1273 1020 1325 296.

256 1334 376 1372 Rara
407 1333 499 1373 avis
531 1333 576 1372 in
608 1333 748 1373 terris.
789 1334 916 1384 1769.

255 1393 365 1432 Rari
395 1401 546 1433 nantes
579 1393 624 1431 in
655 1393 822 1445 gurgite
853 1398 993 1434 vasto.
1034 1393 1162 1446 1764.

255 1453 365 1492 Rari
396 1465 505 1493 sono
536 1454 550 1492 i
582 1453 772 1493 birbanti
802 1454 968 1506 poveri.
1007 1464 1107 1505 204.

255 1514 435 1552 Raunar
466 1513 505 1552 le
536 1514 687 1553 fronde
719 1526 880 1566 sparse.
921 1522 1050 1566 1775.

256 1573 511 1612 Recordeve
544 1573 613 1613 del
644 1586 807 1626 povero
839 1575 1021 1614 Forner.
1059 1575 1160 1626 580.

254 1633 444 1673 Reddite
475 1646 576 1684 ergo
608 1646 704 1685 quae
739 1638 839 1673 sunt
872 1634 1067 1683 Caesaris,
1106 1633 1266 1673 Caesari
1297 1638 1338 1673 et
1369 1646 1466 1686 quae
1499 1637 1599 1674 sunt
1619 1633 1719 1683 Dei,
1745 1634 1859 1674 Deo.

255 1702 340 1792 Re5
357 1752 648 1804 galantuomo.
690 1761 817 1804 1145.

256 1812 410 1863 Regia,
447 1812 569 1852 crede
601 1812 724 1862 mihi,
758 1825 824 1851 res
857 1816 921 1852 est
953 1812 1204 1852 subcurrere
1235 1812 1382 1864 lapsis.
1424 1820 1521 1863 157.

255 1872 440 1923 Regime
473 1872 531 1911 du
563 1872 652 1911 bon
683 1871 844 1925 plaisir.
886 1881 1016 1923 1242.

255 1932 392 1983 Regis
422 1932 477 1971 ad
509 1931 751 1985 exemplum
783 1936 900 1972 totus
932 1932 1204 1984 componitur
1236 1931 1370 1972 orbis.
1411 1932 1540 1973 1260.

255 1992 391 2043 Regis
424 1991 625 2031 voluntas
658 2005 857 2044 suprema
888 1992 956 2032 lex
989 1997 1098 2033 esto.
1140 2002 1270 2043 1241.

256 2051 414 2091 Relata
443 2051 596 2092 refero.
637 2052 764 2101 1676.

256 2111 428 2151 Relicta
459 2123 547 2151 non
580 2112 689 2151 bene
721 2110 930 2163 parmula.
966 2111 1069 2163 649.

257 2170 431 2222 Religio
462 2171 806 2220 christianorum,
845 2170 994 2222 religio
1026 2169 1374 2222 impossibilium.
1416 2180 1543 2222 1334.

258 2231 432 2282 Religio
463 2231 737 2283 depopulata.
779 2242 797 2270 1
811 2239 909 2282 150.

259 2290 537 2331 Remember.
577 2290 706 2342 1849.

258 2351 558 2391 Remittuntur
589 2351 627 2390 ei
658 2355 830 2403 peccata
860 2350 1007 2399 multa,
1045 2349 1250 2402 quoniam
1281 2348 1429 2390 dilexit
1461 2350 1659 2400 multum,
1700 2357 1799 2399 171.

259 2410 459 2450 Rendete
492 2424 515 2449 a
547 2410 701 2450 Cesare
749 2410 849 2462 quel
880 2410 958 2450 che
988 2411 1010 2450 ὲ
1043 2410 1088 2449 di
1120 2410 1288 2459 Cesare,
1325 2421 1348 2448 e
1379 2410 1555 2450 rendete
1585 2424 1609 2449 a
1645 2409 1732 2449 Dio
1763 2408 1864 2462 quel

320 2470 398 2510 che
430 2471 452 2510 ὲ
484 2470 528 2508 di
559 2470 661 2510 Dio.
701 2470 801 2521 563.

257 2530 439 2569 Reuditi
472 2530 612 2577 vinto;
651 2542 672 2568 e
704 2542 779 2582 per
813 2534 885 2569 tua
916 2528 1051 2581 gloria
1083 2528 1210 2569 basti.
1246 2538 1350 2581 952.

260 2590 514 2643 Reprimere
545 2602 568 2629 e
599 2602 687 2628 non
720 2589 957 2641 prevenire.
995 2590 1096 2641 583.

259 2650 425 2690 Rerum
446 2653 598 2689 natura
618 2647 830 2701 nusqua'm
843 2650 999 2699 magis,
1027 2662 1154 2701 quam
1176 2647 1220 2687 in
1251 2647 1451 2697 minimis,
1488 2652 1579 2687 tota
1609 2651 1690 2687 est.
1732 2656 1859 2698 1310.

260 2709 353 2748 Res
386 2709 579 2748 miranda
609 2709 788 2761 populo.
827 2709 928 2758 766.

261 2770 399 2808 Resta
431 2765 594 2808 l'asino
626 2769 670 2807 di
702 2769 801 2820 poi?
841 2768 970 2818 1899.

261 2828 332 2868 Re
363 2829 603 2868 Tentenna.
646 2837 775 2879 1253.

261 2889 332 2927 Re
365 2887 620 2927 Travicello.
664 2897 792 2939 1252.

260 2948 498 2987 Revenons
530 2949 554 2986 ὲ,
585 2960 664 2986 nos
698 2951 916 2986 moutons.
958 2955 1086 2997 1739.

260 3007 496 3046 Reverenti
530 3007 587 3045 mi
618 3003 726 3045 se’le
758 3007 910 3057 gambe
942 3019 964 3045 e
996 3006 1026 3044 il
1057 3004 1199 3056 ciglio.
1240 3005 1368 3056 1619.

261 3066 361 3106 Rex
393 3070 540 3117 regnat
573 3066 647 3105 sed
678 3078 766 3105 non
798 3066 1022 3117 gubernat.
1064 3065 1192 3116 1236.
