<?xml version="1.0" encoding="UTF-8"?>
<!DOCTYPE html PUBLIC "-//W3C//DTD XHTML 1.0 Transitional//EN"
    "http://www.w3.org/TR/xhtml1/DTD/xhtml1-transitional.dtd">
<html xmlns="http://www.w3.org/1999/xhtml" xml:lang="en" lang="en">
 <head>
  <title>
</title>
<meta http-equiv="Content-Type" content="text/html;charset=utf-8" />
  <meta name='ocr-system' content='tesseract 3.04.00' />
  <meta name='ocr-capabilities' content='ocr_page ocr_carea ocr_par ocr_line ocrx_word'/>
</head>
<body>
  <div class='ocr_page' id='page_1' title='image "./chilhadettobteso00fumauoft_0626.png"; bbox 0 0 2014 3386; ppageno 0'>
   <div class='ocr_carea' id='block_1_1' title="bbox 262 146 1287 202">
    <p class='ocr_par' dir='ltr' id='par_1_1' title="bbox 262 146 1287 202">
     <span class='ocr_line' id='line_1_1' title="bbox 262 146 1287 202; baseline -0.005 -13"><span class='ocrx_word' id='word_1_1' title='bbox 262 148 346 202; x_wconf 86' lang='lat'>598</span> <span class='ocrx_word' id='word_1_2' title='bbox 847 147 996 186; x_wconf 83' lang='lat' dir='ltr'><em>Indice</em></span> <span class='ocrx_word' id='word_1_3' title='bbox 1027 147 1138 186; x_wconf 83' lang='lat' dir='ltr'>delle</span> <span class='ocrx_word' id='word_1_4' title='bbox 1157 146 1287 200; x_wconf 81' lang='lat' dir='ltr'>frasi</span> 
     </span>
    </p>
   </div>
   <div class='ocr_carea' id='block_1_2' title="bbox 269 231 576 236">
    <p class='ocr_par' dir='ltr' id='par_1_2' title="bbox 269 231 576 236">
     <span class='ocr_line' id='line_1_2' title="bbox 269 231 576 236; baseline 0 0"><span class='ocrx_word' id='word_1_5' title='bbox 269 231 576 236; x_wconf 95' lang='lat' dir='ltr'> </span> 
     </span>
    </p>
   </div>
   <div class='ocr_carea' id='block_1_3' title="bbox 250 313 2014 3119">
    <p class='ocr_par' dir='ltr' id='par_1_3' title="bbox 258 313 986 359">
     <span class='ocr_line' id='line_1_3' title="bbox 258 313 986 359; baseline 0 -1"><span class='ocrx_word' id='word_1_6' title='bbox 258 318 497 358; x_wconf 88' lang='lat' dir='ltr'>Maledetto</span> <span class='ocrx_word' id='word_1_7' title='bbox 529 317 593 357; x_wconf 92' lang='lat' dir='ltr'>sia</span> <span class='ocrx_word' id='word_1_8' title='bbox 623 313 654 356; x_wconf 88' lang='lat'>1’</span> <span class='ocrx_word' id='word_1_9' title='bbox 670 317 845 359; x_wconf 85' lang='lat' dir='ltr'>istante.</span> <span class='ocrx_word' id='word_1_10' title='bbox 887 317 986 358; x_wconf 92' lang='lat'>106.</span> 
     </span>
    </p>

    <p class='ocr_par' dir='ltr' id='par_1_4' title="bbox 257 376 1435 429">
     <span class='ocr_line' id='line_1_4' title="bbox 257 376 1435 429; baseline 0 -12"><span class='ocrx_word' id='word_1_11' title='bbox 257 378 515 418; x_wconf 84' lang='lat' dir='ltr'><strong>Maledictus</strong></span> <span class='ocrx_word' id='word_1_12' title='bbox 546 377 679 417; x_wconf 90' lang='lat' dir='ltr'>homo</span> <span class='ocrx_word' id='word_1_13' title='bbox 710 378 786 429; x_wconf 92' lang='lat' dir='ltr'>qui</span> <span class='ocrx_word' id='word_1_14' title='bbox 818 377 1001 417; x_wconf 90' lang='lat' dir='ltr'>confidit</span> <span class='ocrx_word' id='word_1_15' title='bbox 1030 376 1075 417; x_wconf 89' lang='lat' dir='ltr'>in</span> <span class='ocrx_word' id='word_1_16' title='bbox 1106 376 1297 417; x_wconf 90' lang='lat' dir='ltr'>homine.</span> <span class='ocrx_word' id='word_1_17' title='bbox 1331 378 1435 417; x_wconf 86' lang='lat'>801.</span> 
     </span>
    </p>

    <p class='ocr_par' dir='ltr' id='par_1_5' title="bbox 257 436 1591 488">
     <span class='ocr_line' id='line_1_5' title="bbox 257 436 1591 488; baseline -0.001 -11"><span class='ocrx_word' id='word_1_18' title='bbox 257 438 497 478; x_wconf 91' lang='lat' dir='ltr'>Maledicus</span> <span class='ocrx_word' id='word_1_19' title='bbox 530 451 554 477; x_wconf 90' lang='lat' dir='ltr'>a</span> <span class='ocrx_word' id='word_1_20' title='bbox 586 437 782 477; x_wconf 88' lang='lat' dir='ltr'>malefico</span> <span class='ocrx_word' id='word_1_21' title='bbox 814 450 904 477; x_wconf 92' lang='lat' dir='ltr'>non</span> <span class='ocrx_word' id='word_1_22' title='bbox 934 437 1066 477; x_wconf 90' lang='lat' dir='ltr'>distat</span> <span class='ocrx_word' id='word_1_23' title='bbox 1096 437 1180 476; x_wconf 90' lang='lat' dir='ltr'>nisi</span> <span class='ocrx_word' id='word_1_24' title='bbox 1211 436 1451 477; x_wconf 87' lang='lat' dir='ltr'>occasione.</span> <span class='ocrx_word' id='word_1_25' title='bbox 1490 436 1591 488; x_wconf 91' lang='lat'>748.</span> 
     </span>
    </p>

    <p class='ocr_par' dir='ltr' id='par_1_6' title="bbox 257 496 1326 550">
     <span class='ocr_line' id='line_1_6' title="bbox 257 496 1326 550; baseline -0.001 -13"><span class='ocrx_word' id='word_1_26' title='bbox 257 497 510 537; x_wconf 87' lang='lat' dir='ltr'>Malesuada</span> <span class='ocrx_word' id='word_1_27' title='bbox 541 498 674 537; x_wconf 83' lang='lat' dir='ltr'>fames</span> <span class='ocrx_word' id='word_1_28' title='bbox 707 511 755 537; x_wconf 88' lang='lat' dir='ltr'>ac</span> <span class='ocrx_word' id='word_1_29' title='bbox 786 497 925 550; x_wconf 91' lang='lat' dir='ltr'>turpis</span> <span class='ocrx_word' id='word_1_30' title='bbox 957 498 1155 549; x_wconf 85' lang='lat' dir='ltr'><strong>Egestas.</strong></span> <span class='ocrx_word' id='word_1_31' title='bbox 1197 496 1326 548; x_wconf 86' lang='lat'>1185.</span> 
     </span>
    </p>

    <p class='ocr_par' dir='ltr' id='par_1_7' title="bbox 255 554 1533 610">
     <span class='ocr_line' id='line_1_7' title="bbox 255 554 1533 610; baseline -0.001 -14"><span class='ocrx_word' id='word_1_32' title='bbox 255 557 576 607; x_wconf 90' lang='lat' dir='ltr'>Malheureuse‚</span> <span class='ocrx_word' id='word_1_33' title='bbox 607 554 794 610; x_wconf 86' lang='lat' dir='ltr'>j’appris</span> <span class='ocrx_word' id='word_1_34' title='bbox 826 559 851 597; x_wconf 79' lang='grc' dir='ltr'>ὲ,</span> <span class='ocrx_word' id='word_1_35' title='bbox 881 557 1077 609; x_wconf 92' lang='lat' dir='ltr'>plaindre</span> <span class='ocrx_word' id='word_1_36' title='bbox 1108 556 1148 596; x_wconf 92' lang='lat' dir='ltr'>le</span> <span class='ocrx_word' id='word_1_37' title='bbox 1179 555 1395 596; x_wconf 86' lang='lat' dir='ltr'>malheur!</span> <span class='ocrx_word' id='word_1_38' title='bbox 1430 566 1533 608; x_wconf 90' lang='lat'>401.</span> 
     </span>
    </p>

    <p class='ocr_par' dir='ltr' id='par_1_8' title="bbox 257 617 1294 669">
     <span class='ocr_line' id='line_1_8' title="bbox 257 617 1294 669; baseline 0 -13"><span class='ocrx_word' id='word_1_39' title='bbox 257 617 594 669; x_wconf 89' lang='lat' dir='ltr'>Malignamente</span> <span class='ocrx_word' id='word_1_40' title='bbox 625 618 692 668; x_wconf 77' lang='lat' dir='ltr'>gia</span> <span class='ocrx_word' id='word_1_41' title='bbox 724 617 761 657; x_wconf 88' lang='lat' dir='ltr'>si</span> <span class='ocrx_word' id='word_1_42' title='bbox 792 622 923 657; x_wconf 92' lang='lat' dir='ltr'>mette</span> <span class='ocrx_word' id='word_1_43' title='bbox 955 617 996 656; x_wconf 88' lang='lat' dir='ltr'>al</span> <span class='ocrx_word' id='word_1_44' title='bbox 1025 629 1152 668; x_wconf 87' lang='lat' dir='ltr'>nego.</span> <span class='ocrx_word' id='word_1_45' title='bbox 1193 625 1294 668; x_wconf 86' lang='lat'>154.</span> 
     </span>
    </p>

    <p class='ocr_par' dir='ltr' id='par_1_9' title="bbox 255 676 1558 726">
     <span class='ocr_line' id='line_1_9' title="bbox 255 676 1558 726; baseline -0.001 -10"><span class='ocrx_word' id='word_1_46' title='bbox 255 677 571 717; x_wconf 89' lang='lat' dir='ltr'>Manducemus</span> <span class='ocrx_word' id='word_1_47' title='bbox 603 682 647 717; x_wconf 91' lang='lat' dir='ltr'>et</span> <span class='ocrx_word' id='word_1_48' title='bbox 678 677 892 726; x_wconf 89' lang='lat' dir='ltr'>bibamus,</span> <span class='ocrx_word' id='word_1_49' title='bbox 930 689 1021 717; x_wconf 89' lang='lat' dir='ltr'>cras</span> <span class='ocrx_word' id='word_1_50' title='bbox 1055 677 1167 716; x_wconf 90' lang='lat' dir='ltr'>enim</span> <span class='ocrx_word' id='word_1_51' title='bbox 1200 676 1448 716; x_wconf 91' lang='lat' dir='ltr'>moriemur.</span> <span class='ocrx_word' id='word_1_52' title='bbox 1485 681 1558 726; x_wconf 88' lang='lat'>47.</span> 
     </span>
    </p>

    <p class='ocr_par' dir='ltr' id='par_1_10' title="bbox 257 736 1245 789">
     <span class='ocr_line' id='line_1_10' title="bbox 257 736 1245 789; baseline 0.002 -14"><span class='ocrx_word' id='word_1_53' title='bbox 257 738 433 777; x_wconf 82' lang='lat' dir='ltr'>Maneat</span> <span class='ocrx_word' id='word_1_54' title='bbox 462 742 635 777; x_wconf 90' lang='lat' dir='ltr'>nostros</span> <span class='ocrx_word' id='word_1_55' title='bbox 667 749 717 777; x_wconf 89' lang='lat' dir='ltr'>ea</span> <span class='ocrx_word' id='word_1_56' title='bbox 747 750 847 777; x_wconf 88' lang='lat' dir='ltr'>cura</span> <span class='ocrx_word' id='word_1_57' title='bbox 877 741 1074 789; x_wconf 89' lang='lat' dir='ltr'>nepotes.</span> <span class='ocrx_word' id='word_1_58' title='bbox 1116 736 1245 778; x_wconf 87' lang='lat'>1686.</span> 
     </span>
    </p>

    <p class='ocr_par' dir='ltr' id='par_1_11' title="bbox 256 797 1105 849">
     <span class='ocr_line' id='line_1_11' title="bbox 256 797 1105 849; baseline 0 -13"><span class='ocrx_word' id='word_1_59' title='bbox 256 797 408 837; x_wconf 89' lang='lat' dir='ltr'>Manet</span> <span class='ocrx_word' id='word_1_60' title='bbox 438 797 522 836; x_wconf 87' lang='lat' dir='ltr'>alta</span> <span class='ocrx_word' id='word_1_61' title='bbox 552 801 696 836; x_wconf 87' lang='lat' dir='ltr'>mente</span> <span class='ocrx_word' id='word_1_62' title='bbox 725 801 965 849; x_wconf 87' lang='lat' dir='ltr'>repostum.</span> <span class='ocrx_word' id='word_1_63' title='bbox 1003 804 1105 846; x_wconf 90' lang='lat'><strong><em>722.</em></strong></span> 
     </span>
    </p>

    <p class='ocr_par' dir='ltr' id='par_1_12' title="bbox 254 856 959 906">
     <span class='ocr_line' id='line_1_12' title="bbox 254 856 959 906; baseline 0 -10"><span class='ocrx_word' id='word_1_64' title='bbox 254 857 387 896; x_wconf 89' lang='lat' dir='ltr'>Mane</span> <span class='ocrx_word' id='word_1_65' title='bbox 418 856 579 896; x_wconf 86' lang='lat' dir='ltr'>Thecel</span> <span class='ocrx_word' id='word_1_66' title='bbox 610 857 791 898; x_wconf 87' lang='lat' dir='ltr'>Phares.</span> <span class='ocrx_word' id='word_1_67' title='bbox 831 856 959 906; x_wconf 88' lang='lat'>1672.</span> 
     </span>
    </p>

    <p class='ocr_par' dir='ltr' id='par_1_13' title="bbox 256 915 994 968">
     <span class='ocr_line' id='line_1_13' title="bbox 256 915 994 968; baseline 0.001 -12"><span class='ocrx_word' id='word_1_68' title='bbox 256 917 440 968; x_wconf 88' lang='lat' dir='ltr'>Mangez</span> <span class='ocrx_word' id='word_1_69' title='bbox 474 917 527 957; x_wconf 89' lang='lat' dir='ltr'>de</span> <span class='ocrx_word' id='word_1_70' title='bbox 558 916 599 955; x_wconf 89' lang='lat' dir='ltr'>la</span> <span class='ocrx_word' id='word_1_71' title='bbox 631 916 824 957; x_wconf 87' lang='lat' dir='ltr'>brioche.</span> <span class='ocrx_word' id='word_1_72' title='bbox 865 915 994 957; x_wconf 91' lang='lat'>1266.</span> 
     </span>
    </p>

    <p class='ocr_par' dir='ltr' id='par_1_14' title="bbox 255 969 1869 1086">
     <span class='ocr_line' id='line_1_14' title="bbox 255 969 1869 1028; baseline -0.003 -12"><span class='ocrx_word' id='word_1_73' title='bbox 255 976 405 1027; x_wconf 87' lang='lat' dir='ltr'>Mangi</span> <span class='ocrx_word' id='word_1_74' title='bbox 444 981 508 1027; x_wconf 91' lang='lat' dir='ltr'>tu,</span> <span class='ocrx_word' id='word_1_75' title='bbox 550 977 723 1028; x_wconf 86' lang='lat' dir='ltr'>mangio</span> <span class='ocrx_word' id='word_1_76' title='bbox 754 989 885 1016; x_wconf 90' lang='lat' dir='ltr'>ancor</span> <span class='ocrx_word' id='word_1_77' title='bbox 922 976 983 1027; x_wconf 88' lang='lat' dir='ltr'>io,</span> <span class='ocrx_word' id='word_1_78' title='bbox 1018 974 1262 1027; x_wconf 87' lang='lat' dir='ltr'>mangiamo</span> <span class='ocrx_word' id='word_1_79' title='bbox 1295 973 1396 1014; x_wconf 92' lang='lat' dir='ltr'>tutti</span> <span class='ocrx_word' id='word_1_80' title='bbox 1427 971 1496 1012; x_wconf 91' lang='lat' dir='ltr'>col</span> <span class='ocrx_word' id='word_1_81' title='bbox 1527 984 1656 1012; x_wconf 90' lang='lat' dir='ltr'>nome</span> <span class='ocrx_word' id='word_1_82' title='bbox 1686 971 1732 1011; x_wconf 86' lang='lat' dir='ltr'>di</span> <span class='ocrx_word' id='word_1_83' title='bbox 1765 969 1869 1011; x_wconf 92' lang='lat' dir='ltr'>Dio.</span> 
     </span>
     <span class='ocr_line' id='line_1_15' title="bbox 325 1036 455 1086; baseline 0.008 -10"><span class='ocrx_word' id='word_1_84' title='bbox 325 1036 455 1086; x_wconf 88' lang='lat'>1877.</span> 
     </span>
    </p>

    <p class='ocr_par' dir='ltr' id='par_1_15' title="bbox 255 1095 1071 1148">
     <span class='ocr_line' id='line_1_16' title="bbox 255 1095 1071 1148; baseline 0 -14"><span class='ocrx_word' id='word_1_85' title='bbox 255 1096 463 1136; x_wconf 89' lang='lat' dir='ltr'>Manibus</span> <span class='ocrx_word' id='word_1_86' title='bbox 495 1096 593 1136; x_wconf 90' lang='lat' dir='ltr'>date</span> <span class='ocrx_word' id='word_1_87' title='bbox 625 1095 715 1135; x_wconf 85' lang='lat' dir='ltr'>lilia</span> <span class='ocrx_word' id='word_1_88' title='bbox 745 1095 901 1148; x_wconf 90' lang='lat' dir='ltr'>plenis.</span> <span class='ocrx_word' id='word_1_89' title='bbox 943 1095 1071 1144; x_wconf 90' lang='lat'>1689.</span> 
     </span>
    </p>

    <p class='ocr_par' dir='ltr' id='par_1_16' title="bbox 255 1154 1280 1204">
     <span class='ocr_line' id='line_1_17' title="bbox 255 1154 1280 1204; baseline 0 -9"><span class='ocrx_word' id='word_1_90' title='bbox 255 1156 363 1196; x_wconf 87' lang='lat' dir='ltr'>Man</span> <span class='ocrx_word' id='word_1_91' title='bbox 393 1155 484 1196; x_wconf 90' lang='lat' dir='ltr'>lebt</span> <span class='ocrx_word' id='word_1_92' title='bbox 513 1169 595 1195; x_wconf 89' lang='lat' dir='ltr'>nur</span> <span class='ocrx_word' id='word_1_93' title='bbox 628 1155 786 1196; x_wconf 88' lang='lat' dir='ltr'>einmal</span> <span class='ocrx_word' id='word_1_94' title='bbox 816 1156 861 1195; x_wconf 92' lang='lat' dir='ltr'>in</span> <span class='ocrx_word' id='word_1_95' title='bbox 894 1155 969 1195; x_wconf 91' lang='lat' dir='ltr'>der</span> <span class='ocrx_word' id='word_1_96' title='bbox 1000 1154 1138 1195; x_wconf 88' lang='lat' dir='ltr'>Welt.</span> <span class='ocrx_word' id='word_1_97' title='bbox 1178 1162 1280 1204; x_wconf 87' lang='lat'>791.</span> 
     </span>
    </p>

    <p class='ocr_par' dir='ltr' id='par_1_17' title="bbox 255 1213 1351 1267">
     <span class='ocr_line' id='line_1_18' title="bbox 255 1213 1351 1267; baseline -0.002 -13"><span class='ocrx_word' id='word_1_98' title='bbox 255 1216 331 1255; x_wconf 91' lang='lat' dir='ltr'>Ma</span> <span class='ocrx_word' id='word_1_99' title='bbox 361 1216 436 1256; x_wconf 92' lang='lat' dir='ltr'>noi</span> <span class='ocrx_word' id='word_1_100' title='bbox 467 1215 699 1267; x_wconf 87' lang='lat' dir='ltr'>giacciamo</span> <span class='ocrx_word' id='word_1_101' title='bbox 730 1215 926 1255; x_wconf 86' lang='lat' dir='ltr'>nauseati</span> <span class='ocrx_word' id='word_1_102' title='bbox 957 1228 980 1254; x_wconf 92' lang='lat' dir='ltr'>e</span> <span class='ocrx_word' id='word_1_103' title='bbox 1012 1213 1211 1254; x_wconf 84' lang='lat' dir='ltr'>stracchi.</span> <span class='ocrx_word' id='word_1_104' title='bbox 1248 1213 1351 1263; x_wconf 92' lang='lat'>619.</span> 
     </span>
    </p>

    <p class='ocr_par' dir='ltr' id='par_1_18' title="bbox 255 1275 1161 1328">
     <span class='ocr_line' id='line_1_19' title="bbox 255 1275 1161 1328; baseline 0 -14"><span class='ocrx_word' id='word_1_105' title='bbox 255 1275 331 1315; x_wconf 87' lang='lat' dir='ltr'>Ma</span> <span class='ocrx_word' id='word_1_106' title='bbox 360 1275 494 1328; x_wconf 87' lang='lat' dir='ltr'>petite</span> <span class='ocrx_word' id='word_1_107' title='bbox 525 1279 635 1325; x_wconf 71' lang='lat' dir='ltr'>ame,</span> <span class='ocrx_word' id='word_1_108' title='bbox 671 1289 739 1315; x_wconf 91' lang='lat' dir='ltr'>ma</span> <span class='ocrx_word' id='word_1_109' title='bbox 770 1276 1021 1327; x_wconf 90' lang='lat' dir='ltr'>mignonne.</span> <span class='ocrx_word' id='word_1_110' title='bbox 1057 1276 1161 1315; x_wconf 89' lang='lat'>821.</span> 
     </span>
    </p>

    <p class='ocr_par' dir='ltr' id='par_1_19' title="bbox 254 1330 1726 1391">
     <span class='ocr_line' id='line_1_20' title="bbox 254 1330 1726 1391; baseline -0.003 -17"><span class='ocrx_word' id='word_1_111' title='bbox 254 1336 418 1376; x_wconf 85' lang='lat' dir='ltr'>Marcel</span> <span class='ocrx_word' id='word_1_112' title='bbox 448 1335 624 1375; x_wconf 85' lang='lat' dir='ltr'>diventa</span> <span class='ocrx_word' id='word_1_113' title='bbox 650 1335 656 1391; x_wconf 87' lang='grc' dir='ltr'>Ι</span> <span class='ocrx_word' id='word_1_114' title='bbox 686 1335 800 1386; x_wconf 86' lang='lat' dir='ltr'>Ogni</span> <span class='ocrx_word' id='word_1_115' title='bbox 831 1335 964 1374; x_wconf 86' lang='lat' dir='ltr'>villan</span> <span class='ocrx_word' id='word_1_116' title='bbox 996 1333 1074 1374; x_wconf 93' lang='lat' dir='ltr'>che</span> <span class='ocrx_word' id='word_1_117' title='bbox 1105 1333 1414 1386; x_wconf 86' lang='lat' dir='ltr'>parteggiando</span> <span class='ocrx_word' id='word_1_118' title='bbox 1445 1331 1586 1371; x_wconf 88' lang='lat' dir='ltr'>viene.</span> <span class='ocrx_word' id='word_1_119' title='bbox 1623 1330 1726 1371; x_wconf 88' lang='lat'>606.</span> 
     </span>
    </p>

    <p class='ocr_par' dir='ltr' id='par_1_20' title="bbox 255 1391 1405 1443">
     <span class='ocr_line' id='line_1_21' title="bbox 255 1391 1405 1443; baseline -0.003 -8"><span class='ocrx_word' id='word_1_120' title='bbox 255 1395 330 1435; x_wconf 88' lang='lat' dir='ltr'>Ma</span> <span class='ocrx_word' id='word_1_121' title='bbox 362 1408 408 1435; x_wconf 93' lang='lat' dir='ltr'>se</span> <span class='ocrx_word' id='word_1_122' title='bbox 439 1395 498 1434; x_wconf 92' lang='lat' dir='ltr'>mi</span> <span class='ocrx_word' id='word_1_123' title='bbox 529 1400 709 1435; x_wconf 89' lang='lat' dir='ltr'>toccano</span> <span class='ocrx_word' id='word_1_124' title='bbox 741 1391 880 1435; x_wconf 79' lang='lat' dir='ltr'>dov’e</span> <span class='ocrx_word' id='word_1_125' title='bbox 911 1395 942 1434; x_wconf 92' lang='lat' dir='ltr'>il</span> <span class='ocrx_word' id='word_1_126' title='bbox 974 1394 1061 1434; x_wconf 91' lang='lat' dir='ltr'>mio</span> <span class='ocrx_word' id='word_1_127' title='bbox 1093 1393 1264 1434; x_wconf 91' lang='lat' dir='ltr'>debole.</span> <span class='ocrx_word' id='word_1_128' title='bbox 1301 1392 1405 1443; x_wconf 88' lang='lat'>967.</span> 
     </span>
    </p>

    <p class='ocr_par' dir='ltr' id='par_1_21' title="bbox 254 1455 1077 1508">
     <span class='ocr_line' id='line_1_22' title="bbox 254 1455 1077 1508; baseline -0.001 -13"><span class='ocrx_word' id='word_1_129' title='bbox 254 1455 484 1495; x_wconf 89' lang='lat' dir='ltr'>Materiem</span> <span class='ocrx_word' id='word_1_130' title='bbox 516 1456 748 1508; x_wconf 86' lang='lat' dir='ltr'>superabat</span> <span class='ocrx_word' id='word_1_131' title='bbox 781 1468 907 1507; x_wconf 89' lang='lat' dir='ltr'>opus.</span> <span class='ocrx_word' id='word_1_132' title='bbox 948 1464 1077 1494; x_wconf 90' lang='lat'>1001.</span> 
     </span>
    </p>

    <p class='ocr_par' dir='ltr' id='par_1_22' title="bbox 253 1513 1379 1567">
     <span class='ocr_line' id='line_1_23' title="bbox 253 1513 1379 1567; baseline -0.001 -14"><span class='ocrx_word' id='word_1_133' title='bbox 253 1515 330 1555; x_wconf 88' lang='lat' dir='ltr'>Ma</span> <span class='ocrx_word' id='word_1_134' title='bbox 359 1528 420 1555; x_wconf 91' lang='lat' dir='ltr'>un</span> <span class='ocrx_word' id='word_1_135' title='bbox 451 1515 522 1555; x_wconf 93' lang='lat' dir='ltr'>bel</span> <span class='ocrx_word' id='word_1_136' title='bbox 551 1515 692 1567; x_wconf 89' lang='lat' dir='ltr'>suggir</span> <span class='ocrx_word' id='word_1_137' title='bbox 724 1515 844 1554; x_wconf 91' lang='lat' dir='ltr'>salva</span> <span class='ocrx_word' id='word_1_138' title='bbox 874 1514 915 1553; x_wconf 89' lang='lat' dir='ltr'>la</span> <span class='ocrx_word' id='word_1_139' title='bbox 946 1514 1035 1554; x_wconf 90' lang='lat' dir='ltr'>vita</span> <span class='ocrx_word' id='word_1_140' title='bbox 1067 1525 1238 1553; x_wconf 87' lang='lat' dir='ltr'>ancora.</span> <span class='ocrx_word' id='word_1_141' title='bbox 1275 1513 1379 1564; x_wconf 87' lang='lat'>825.</span> 
     </span>
    </p>

    <p class='ocr_par' dir='ltr' id='par_1_23' title="bbox 253 1575 977 1626">
     <span class='ocr_line' id='line_1_24' title="bbox 253 1575 977 1626; baseline 0.001 -13"><span class='ocrx_word' id='word_1_142' title='bbox 253 1575 329 1615; x_wconf 90' lang='lat' dir='ltr'>Ma</span> <span class='ocrx_word' id='word_1_143' title='bbox 362 1575 431 1615; x_wconf 89' lang='lat' dir='ltr'>vie</span> <span class='ocrx_word' id='word_1_144' title='bbox 462 1579 527 1615; x_wconf 90' lang='lat' dir='ltr'>est</span> <span class='ocrx_word' id='word_1_145' title='bbox 559 1588 618 1614; x_wconf 93' lang='lat' dir='ltr'>un</span> <span class='ocrx_word' id='word_1_146' title='bbox 649 1575 837 1616; x_wconf 86' lang='lat' dir='ltr'>combat.</span> <span class='ocrx_word' id='word_1_147' title='bbox 876 1582 977 1626; x_wconf 87' lang='lat'>795.</span> 
     </span>
    </p>

    <p class='ocr_par' dir='ltr' id='par_1_24' title="bbox 253 1631 1367 1684">
     <span class='ocr_line' id='line_1_25' title="bbox 253 1631 1367 1684; baseline -0.002 -11"><span class='ocrx_word' id='word_1_148' title='bbox 253 1635 330 1674; x_wconf 87' lang='lat' dir='ltr'>Ma</span> <span class='ocrx_word' id='word_1_149' title='bbox 362 1635 434 1675; x_wconf 91' lang='lat' dir='ltr'>voi</span> <span class='ocrx_word' id='word_1_150' title='bbox 466 1635 571 1674; x_wconf 88' lang='lat' dir='ltr'>siete</span> <span class='ocrx_word' id='word_1_151' title='bbox 602 1635 818 1684; x_wconf 88' lang='lat' dir='ltr'>cristiane,</span> <span class='ocrx_word' id='word_1_152' title='bbox 855 1648 881 1674; x_wconf 96' lang='lat' dir='ltr'>o</span> <span class='ocrx_word' id='word_1_153' title='bbox 914 1632 1196 1673; x_wconf 89' lang='lat' dir='ltr'>Maddalene!</span> <span class='ocrx_word' id='word_1_154' title='bbox 1239 1631 1367 1684; x_wconf 86' lang='lat'>1466.</span> 
     </span>
    </p>

    <p class='ocr_par' dir='ltr' id='par_1_25' title="bbox 253 1692 1247 1747">
     <span class='ocr_line' id='line_1_26' title="bbox 253 1692 1247 1747; baseline -0.002 -13"><span class='ocrx_word' id='word_1_155' title='bbox 253 1695 446 1734; x_wconf 86' lang='lat' dir='ltr'>Maxima</span> <span class='ocrx_word' id='word_1_156' title='bbox 476 1695 656 1734; x_wconf 89' lang='lat' dir='ltr'>debetur</span> <span class='ocrx_word' id='word_1_157' title='bbox 687 1707 821 1747; x_wconf 92' lang='lat' dir='ltr'>puero</span> <span class='ocrx_word' id='word_1_158' title='bbox 853 1693 1107 1734; x_wconf 89' lang='lat' dir='ltr'>reverentia.</span> <span class='ocrx_word' id='word_1_159' title='bbox 1146 1692 1247 1744; x_wconf 85' lang='lat'>536.</span> 
     </span>
    </p>

    <p class='ocr_par' dir='ltr' id='par_1_26' title="bbox 254 1754 1108 1805">
     <span class='ocr_line' id='line_1_27' title="bbox 254 1754 1108 1805; baseline -0.001 -11"><span class='ocrx_word' id='word_1_160' title='bbox 254 1755 472 1794; x_wconf 88' lang='lat' dir='ltr'>Maximus</span> <span class='ocrx_word' id='word_1_161' title='bbox 504 1754 550 1793; x_wconf 92' lang='lat' dir='ltr'>in</span> <span class='ocrx_word' id='word_1_162' title='bbox 581 1754 769 1794; x_wconf 90' lang='lat' dir='ltr'>minimis</span> <span class='ocrx_word' id='word_1_163' title='bbox 801 1755 939 1794; x_wconf 91' lang='lat' dir='ltr'>Deus.</span> <span class='ocrx_word' id='word_1_164' title='bbox 980 1764 1108 1805; x_wconf 86' lang='lat'>1310.</span> 
     </span>
    </p>

    <p class='ocr_par' dir='ltr' id='par_1_27' title="bbox 255 1814 978 1867">
     <span class='ocr_line' id='line_1_28' title="bbox 255 1814 978 1867; baseline 0.001 -14"><span class='ocrx_word' id='word_1_165' title='bbox 255 1814 438 1862; x_wconf 91' lang='lat' dir='ltr'>Medice,</span> <span class='ocrx_word' id='word_1_166' title='bbox 477 1827 578 1854; x_wconf 92' lang='lat' dir='ltr'>cura</span> <span class='ocrx_word' id='word_1_167' title='bbox 603 1819 651 1854; x_wconf 58' lang='lat' dir='ltr'>&lt;te</span> <span class='ocrx_word' id='word_1_168' title='bbox 682 1814 840 1867; x_wconf 89' lang='lat' dir='ltr'>ipsum.</span> <span class='ocrx_word' id='word_1_169' title='bbox 875 1814 978 1864; x_wconf 92' lang='lat'>962.</span> 
     </span>
    </p>

    <p class='ocr_par' dir='ltr' id='par_1_28' title="bbox 253 1874 760 1925">
     <span class='ocr_line' id='line_1_29' title="bbox 253 1874 760 1925; baseline 0.004 -12"><span class='ocrx_word' id='word_1_170' title='bbox 253 1874 471 1914; x_wconf 88' lang='lat' dir='ltr'>Medicina</span> <span class='ocrx_word' id='word_1_171' title='bbox 501 1874 650 1915; x_wconf 85' lang='lat' dir='ltr'>animi.</span> <span class='ocrx_word' id='word_1_172' title='bbox 688 1884 760 1925; x_wconf 87' lang='lat'>23.</span> 
     </span>
    </p>

    <p class='ocr_par' dir='ltr' id='par_1_29' title="bbox 253 1929 1585 1988">
     <span class='ocr_line' id='line_1_30' title="bbox 253 1929 1585 1988; baseline -0.002 -15"><span class='ocrx_word' id='word_1_173' title='bbox 253 1934 403 1974; x_wconf 90' lang='lat' dir='ltr'>Medio</span> <span class='ocrx_word' id='word_1_174' title='bbox 435 1935 488 1973; x_wconf 92' lang='lat' dir='ltr'>de</span> <span class='ocrx_word' id='word_1_175' title='bbox 519 1934 636 1973; x_wconf 84' lang='lat' dir='ltr'>sonte</span> <span class='ocrx_word' id='word_1_176' title='bbox 668 1933 863 1987; x_wconf 86' lang='lat' dir='ltr'>leporum</span> <span class='ocrx_word' id='word_1_177' title='bbox 891 1931 897 1988; x_wconf 85' lang='grc' dir='ltr'>Ι</span> <span class='ocrx_word' id='word_1_178' title='bbox 926 1932 1072 1984; x_wconf 88' lang='lat' dir='ltr'>Surgit</span> <span class='ocrx_word' id='word_1_179' title='bbox 1103 1930 1235 1971; x_wconf 88' lang='lat' dir='ltr'>amari</span> <span class='ocrx_word' id='word_1_180' title='bbox 1267 1929 1445 1982; x_wconf 90' lang='lat' dir='ltr'>aliquid.</span> <span class='ocrx_word' id='word_1_181' title='bbox 1484 1936 1585 1979; x_wconf 86' lang='lat'>799.</span> 
     </span>
    </p>

    <p class='ocr_par' dir='ltr' id='par_1_30' title="bbox 254 1993 2014 2046">
     <span class='ocr_line' id='line_1_31' title="bbox 254 1993 2014 2046; baseline -0.002 -13"><span class='ocrx_word' id='word_1_182' title='bbox 254 1994 404 2034; x_wconf 90' lang='lat' dir='ltr'>Medio</span> <span class='ocrx_word' id='word_1_183' title='bbox 436 1993 676 2033; x_wconf 83' lang='lat' dir='ltr'>tutissimus</span> <span class='ocrx_word' id='word_1_184' title='bbox 707 1994 809 2034; x_wconf 87' lang='lat' dir='ltr'>ibis.</span> <span class='ocrx_word' id='word_1_185' title='bbox 850 2001 979 2045; x_wconf 84' lang='lat'>1579.</span> <span class='ocrx_word' id='word_1_186' title='bbox 2006 2014 2014 2046; x_wconf 71' lang='lat'>².</span> 
     </span>
    </p>

    <p class='ocr_par' dir='ltr' id='par_1_31' title="bbox 253 2047 2014 2105">
     <span class='ocr_line' id='line_1_32' title="bbox 253 2047 2014 2105; baseline -0.002 -12"><span class='ocrx_word' id='word_1_187' title='bbox 253 2053 400 2105; x_wconf 84' lang='lat' dir='ltr'>Megio</span> <span class='ocrx_word' id='word_1_188' title='bbox 433 2054 486 2093; x_wconf 89' lang='lat' dir='ltr'>de</span> <span class='ocrx_word' id='word_1_189' title='bbox 517 2054 631 2093; x_wconf 84' lang='lat' dir='ltr'>cussi</span> <span class='ocrx_word' id='word_1_190' title='bbox 661 2053 702 2093; x_wconf 90' lang='lat' dir='ltr'>la</span> <span class='ocrx_word' id='word_1_191' title='bbox 731 2066 821 2092; x_wconf 92' lang='lat' dir='ltr'>non</span> <span class='ocrx_word' id='word_1_192' title='bbox 853 2052 994 2105; x_wconf 88' lang='lat' dir='ltr'>potria</span> <span class='ocrx_word' id='word_1_193' title='bbox 1025 2051 1175 2091; x_wconf 89' lang='lat' dir='ltr'>andar.</span> <span class='ocrx_word' id='word_1_194' title='bbox 1217 2051 1346 2100; x_wconf 88' lang='lat'>1887.</span> <span class='ocrx_word' id='word_1_195' title='bbox 2013 2047 2014 2050; x_wconf 63' lang='grc'>’</span> 
     </span>
    </p>

    <p class='ocr_par' dir='ltr' id='par_1_32' title="bbox 255 2112 1210 2166">
     <span class='ocr_line' id='line_1_33' title="bbox 255 2112 1210 2166; baseline -0.002 -13"><span class='ocrx_word' id='word_1_196' title='bbox 255 2113 418 2165; x_wconf 90' lang='lat' dir='ltr'>Meglio</span> <span class='ocrx_word' id='word_1_197' title='bbox 450 2113 552 2153; x_wconf 73' lang='lat' dir='ltr'>citta</span> <span class='ocrx_word' id='word_1_198' title='bbox 582 2118 733 2163; x_wconf 86' lang='lat' dir='ltr'>guasta</span> <span class='ocrx_word' id='word_1_199' title='bbox 764 2112 842 2152; x_wconf 90' lang='lat' dir='ltr'>che</span> <span class='ocrx_word' id='word_1_200' title='bbox 874 2112 1071 2166; x_wconf 87' lang='lat' dir='ltr'>perduta.</span> <span class='ocrx_word' id='word_1_201' title='bbox 1109 2118 1210 2163; x_wconf 84' lang='lat'>574.</span> 
     </span>
    </p>

    <p class='ocr_par' dir='ltr' id='par_1_33' title="bbox 254 2172 696 2224">
     <span class='ocr_line' id='line_1_34' title="bbox 254 2172 696 2224; baseline 0 -11"><span class='ocrx_word' id='word_1_202' title='bbox 254 2173 382 2213; x_wconf 91' lang='lat' dir='ltr'>Mehr</span> <span class='ocrx_word' id='word_1_203' title='bbox 412 2173 556 2214; x_wconf 92' lang='lat' dir='ltr'>Licht.</span> <span class='ocrx_word' id='word_1_204' title='bbox 592 2172 696 2224; x_wconf 89' lang='lat'>865.</span> 
     </span>
    </p>

    <p class='ocr_par' dir='ltr' id='par_1_34' title="bbox 255 2230 1089 2284">
     <span class='ocr_line' id='line_1_35' title="bbox 255 2230 1089 2284; baseline -0.002 -12"><span class='ocrx_word' id='word_1_205' title='bbox 255 2233 545 2283; x_wconf 88' lang='lat' dir='ltr'>Melanconia,</span> <span class='ocrx_word' id='word_1_206' title='bbox 579 2232 715 2272; x_wconf 87' lang='lat' dir='ltr'>Ninfa</span> <span class='ocrx_word' id='word_1_207' title='bbox 745 2230 919 2282; x_wconf 88' lang='lat' dir='ltr'>gentile.</span> <span class='ocrx_word' id='word_1_208' title='bbox 961 2239 1089 2284; x_wconf 86' lang='lat'>1551.</span> 
     </span>
    </p>

    <p class='ocr_par' dir='ltr' id='par_1_35' title="bbox 254 2291 1328 2332">
     <span class='ocr_line' id='line_1_36' title="bbox 254 2291 1328 2332; baseline -0.005 0"><span class='ocrx_word' id='word_1_209' title='bbox 254 2292 410 2332; x_wconf 88' lang='lat' dir='ltr'>Melior</span> <span class='ocrx_word' id='word_1_210' title='bbox 442 2297 507 2332; x_wconf 90' lang='lat' dir='ltr'>est</span> <span class='ocrx_word' id='word_1_211' title='bbox 538 2292 655 2332; x_wconf 89' lang='lat' dir='ltr'>canis</span> <span class='ocrx_word' id='word_1_212' title='bbox 688 2291 813 2331; x_wconf 89' lang='lat' dir='ltr'>vivus</span> <span class='ocrx_word' id='word_1_213' title='bbox 845 2291 970 2331; x_wconf 91' lang='lat' dir='ltr'>leone</span> <span class='ocrx_word' id='word_1_214' title='bbox 1000 2294 1190 2331; x_wconf 87' lang='lat' dir='ltr'>mortuo.</span> <span class='ocrx_word' id='word_1_215' title='bbox 1224 2291 1328 2330; x_wconf 92' lang='lat'>810.</span> 
     </span>
    </p>

    <p class='ocr_par' dir='ltr' id='par_1_36' title="bbox 254 2349 1290 2403">
     <span class='ocr_line' id='line_1_37' title="bbox 254 2349 1290 2403; baseline -0.005 -11"><span class='ocrx_word' id='word_1_216' title='bbox 254 2352 411 2392; x_wconf 88' lang='lat' dir='ltr'>Melius</span> <span class='ocrx_word' id='word_1_217' title='bbox 443 2357 508 2392; x_wconf 90' lang='lat' dir='ltr'>est</span> <span class='ocrx_word' id='word_1_218' title='bbox 538 2352 699 2391; x_wconf 89' lang='lat' dir='ltr'>clarum</span> <span class='ocrx_word' id='word_1_219' title='bbox 733 2351 826 2391; x_wconf 91' lang='lat' dir='ltr'>fieri</span> <span class='ocrx_word' id='word_1_220' title='bbox 857 2364 985 2403; x_wconf 90' lang='lat' dir='ltr'>quam</span> <span class='ocrx_word' id='word_1_221' title='bbox 1017 2350 1151 2390; x_wconf 89' lang='lat' dir='ltr'>nasci.</span> <span class='ocrx_word' id='word_1_222' title='bbox 1192 2349 1290 2401; x_wconf 79' lang='lat'>184.</span> 
     </span>
    </p>

    <p class='ocr_par' dir='ltr' id='par_1_37' title="bbox 253 2404 1692 2463">
     <span class='ocr_line' id='line_1_38' title="bbox 253 2404 1692 2463; baseline -0.006 -11"><span class='ocrx_word' id='word_1_223' title='bbox 253 2413 344 2462; x_wconf 90' lang='lat' dir='ltr'>Me,</span> <span class='ocrx_word' id='word_1_224' title='bbox 379 2425 446 2451; x_wconf 91' lang='lat' dir='ltr'>me</span> <span class='ocrx_word' id='word_1_225' title='bbox 478 2412 643 2463; x_wconf 92' lang='lat' dir='ltr'>(adsum</span> <span class='ocrx_word' id='word_1_226' title='bbox 674 2411 750 2463; x_wconf 89' lang='lat' dir='ltr'>qui</span> <span class='ocrx_word' id='word_1_227' title='bbox 780 2411 873 2462; x_wconf 86' lang='lat' dir='ltr'>feci)</span> <span class='ocrx_word' id='word_1_228' title='bbox 904 2411 950 2450; x_wconf 91' lang='lat' dir='ltr'>in</span> <span class='ocrx_word' id='word_1_229' title='bbox 980 2423 1048 2450; x_wconf 90' lang='lat' dir='ltr'>me</span> <span class='ocrx_word' id='word_1_230' title='bbox 1079 2409 1317 2449; x_wconf 89' lang='lat' dir='ltr'>convertite</span> <span class='ocrx_word' id='word_1_231' title='bbox 1348 2407 1522 2446; x_wconf 84' lang='lat' dir='ltr'>serrum.</span> <span class='ocrx_word' id='word_1_232' title='bbox 1563 2404 1692 2454; x_wconf 92' lang='lat'>1690.</span> 
     </span>
    </p>

    <p class='ocr_par' dir='ltr' id='par_1_38' title="bbox 252 2464 1862 2523">
     <span class='ocr_line' id='line_1_39' title="bbox 252 2464 1862 2523; baseline -0.005 -11"><span class='ocrx_word' id='word_1_233' title='bbox 252 2474 475 2512; x_wconf 89' lang='lat' dir='ltr'>Memento</span> <span class='ocrx_word' id='word_1_234' title='bbox 506 2471 638 2511; x_wconf 87' lang='lat' dir='ltr'>homo</span> <span class='ocrx_word' id='word_1_235' title='bbox 669 2471 771 2523; x_wconf 89' lang='lat' dir='ltr'>quia</span> <span class='ocrx_word' id='word_1_236' title='bbox 801 2470 944 2523; x_wconf 86' lang='lat' dir='ltr'>pulvis</span> <span class='ocrx_word' id='word_1_237' title='bbox 976 2483 1035 2520; x_wconf 89' lang='lat' dir='ltr'>es,</span> <span class='ocrx_word' id='word_1_238' title='bbox 1073 2474 1115 2509; x_wconf 93' lang='lat' dir='ltr'>et</span> <span class='ocrx_word' id='word_1_239' title='bbox 1144 2469 1190 2508; x_wconf 92' lang='lat' dir='ltr'>in</span> <span class='ocrx_word' id='word_1_240' title='bbox 1221 2467 1443 2521; x_wconf 91' lang='lat' dir='ltr'>pulverem</span> <span class='ocrx_word' id='word_1_241' title='bbox 1481 2464 1722 2506; x_wconf 86' lang='lat' dir='ltr'>reverteris.</span> <span class='ocrx_word' id='word_1_242' title='bbox 1757 2464 1862 2504; x_wconf 90' lang='lat'>822.</span> 
     </span>
    </p>

    <p class='ocr_par' dir='ltr' id='par_1_39' title="bbox 253 2531 773 2572">
     <span class='ocr_line' id='line_1_40' title="bbox 253 2531 773 2572; baseline 0 -1"><span class='ocrx_word' id='word_1_243' title='bbox 253 2533 475 2571; x_wconf 88' lang='lat' dir='ltr'>Memento</span> <span class='ocrx_word' id='word_1_244' title='bbox 508 2531 633 2571; x_wconf 87' lang='lat' dir='ltr'>mori.</span> <span class='ocrx_word' id='word_1_245' title='bbox 669 2532 773 2572; x_wconf 91' lang='lat'>822.</span> 
     </span>
    </p>

    <p class='ocr_par' dir='ltr' id='par_1_40' title="bbox 254 2589 1000 2631">
     <span class='ocr_line' id='line_1_41' title="bbox 254 2589 1000 2631; baseline -0.001 0"><span class='ocrx_word' id='word_1_246' title='bbox 254 2593 476 2631; x_wconf 89' lang='lat' dir='ltr'>Memento</span> <span class='ocrx_word' id='word_1_247' title='bbox 506 2590 858 2630; x_wconf 89' lang='lat' dir='ltr'>novissimorum.</span> <span class='ocrx_word' id='word_1_248' title='bbox 895 2589 1000 2630; x_wconf 86' lang='lat'>822.</span> 
     </span>
    </p>

    <p class='ocr_par' dir='ltr' id='par_1_41' title="bbox 254 2646 891 2703">
     <span class='ocr_line' id='line_1_42' title="bbox 254 2646 891 2703; baseline -0.002 -13"><span class='ocrx_word' id='word_1_249' title='bbox 254 2651 505 2690; x_wconf 90' lang='lat' dir='ltr'>Meminisse</span> <span class='ocrx_word' id='word_1_250' title='bbox 534 2650 721 2703; x_wconf 87' lang='lat' dir='ltr'>juvabit.</span> <span class='ocrx_word' id='word_1_251' title='bbox 762 2646 891 2690; x_wconf 85' lang='lat'>1&#39;682.</span> 
     </span>
    </p>

    <p class='ocr_par' dir='ltr' id='par_1_42' title="bbox 250 2709 1375 2760">
     <span class='ocr_line' id='line_1_43' title="bbox 250 2709 1375 2760; baseline -0.004 -10"><span class='ocrx_word' id='word_1_252' title='bbox 250 2710 462 2750; x_wconf 88' lang='lat' dir='ltr'>Memoria</span> <span class='ocrx_word' id='word_1_253' title='bbox 493 2710 716 2760; x_wconf 91' lang='lat' dir='ltr'>minuitur,</span> <span class='ocrx_word' id='word_1_254' title='bbox 750 2709 836 2748; x_wconf 89' lang='lat' dir='ltr'>nisi</span> <span class='ocrx_word' id='word_1_255' title='bbox 865 2721 958 2748; x_wconf 91' lang='lat' dir='ltr'>eam</span> <span class='ocrx_word' id='word_1_256' title='bbox 991 2719 1204 2747; x_wconf 85' lang='lat' dir='ltr'>exerceas.</span> <span class='ocrx_word' id='word_1_257' title='bbox 1246 2714 1375 2758; x_wconf 86' lang='lat'>1405.</span> 
     </span>
    </p>

    <p class='ocr_par' dir='ltr' id='par_1_43' title="bbox 253 2771 1312 2820">
     <span class='ocr_line' id='line_1_44' title="bbox 253 2771 1312 2820; baseline -0.003 -11"><span class='ocrx_word' id='word_1_258' title='bbox 253 2771 507 2810; x_wconf 89' lang='lat' dir='ltr'>Mendacem</span> <span class='ocrx_word' id='word_1_259' title='bbox 538 2782 770 2809; x_wconf 87' lang='lat' dir='ltr'>memorem</span> <span class='ocrx_word' id='word_1_260' title='bbox 802 2781 895 2808; x_wconf 89' lang='lat' dir='ltr'>esse</span> <span class='ocrx_word' id='word_1_261' title='bbox 928 2771 1143 2820; x_wconf 88' lang='lat' dir='ltr'>oportere.</span> <span class='ocrx_word' id='word_1_262' title='bbox 1184 2775 1261 2819; x_wconf 88' lang='lat'>145</span> <span class='ocrx_word' id='word_1_263' title='bbox 1271 2775 1312 2818; x_wconf 90' lang='lat'>5.</span> 
     </span>
    </p>

    <p class='ocr_par' dir='ltr' id='par_1_44' title="bbox 253 2826 1123 2881">
     <span class='ocr_line' id='line_1_45' title="bbox 253 2826 1123 2881; baseline -0.002 -12"><span class='ocrx_word' id='word_1_264' title='bbox 253 2831 387 2869; x_wconf 90' lang='lat' dir='ltr'>Meno</span> <span class='ocrx_word' id='word_1_265' title='bbox 418 2829 574 2869; x_wconf 86' lang='lat' dir='ltr'>ritrosa</span> <span class='ocrx_word' id='word_1_266' title='bbox 605 2829 715 2868; x_wconf 90' lang='lat' dir='ltr'>sarai</span> <span class='ocrx_word' id='word_1_267' title='bbox 747 2828 820 2881; x_wconf 78' lang='lat' dir='ltr'>piu</span> <span class='ocrx_word' id='word_1_268' title='bbox 853 2827 983 2868; x_wconf 89' lang='lat' dir='ltr'>bella.</span> <span class='ocrx_word' id='word_1_269' title='bbox 1021 2826 1123 2878; x_wconf 86' lang='lat'>378.</span> 
     </span>
    </p>

    <p class='ocr_par' dir='ltr' id='par_1_45' title="bbox 253 2891 1072 2941">
     <span class='ocr_line' id='line_1_46' title="bbox 253 2891 1072 2941; baseline -0.002 -12"><span class='ocrx_word' id='word_1_270' title='bbox 253 2891 328 2929; x_wconf 88' lang='lat' dir='ltr'>Me</span> <span class='ocrx_word' id='word_1_271' title='bbox 358 2901 446 2928; x_wconf 93' lang='lat' dir='ltr'>non</span> <span class='ocrx_word' id='word_1_272' title='bbox 477 2894 579 2928; x_wconf 92' lang='lat' dir='ltr'>nato</span> <span class='ocrx_word' id='word_1_273' title='bbox 611 2902 635 2927; x_wconf 87' lang='lat' dir='ltr'>a</span> <span class='ocrx_word' id='word_1_274' title='bbox 666 2893 901 2941; x_wconf 89' lang='lat' dir='ltr'>percotere.</span> <span class='ocrx_word' id='word_1_275' title='bbox 943 2895 1072 2937; x_wconf 89' lang='lat'>1203.</span> 
     </span>
    </p>

    <p class='ocr_par' dir='ltr' id='par_1_46' title="bbox 254 2947 918 2998">
     <span class='ocr_line' id='line_1_47' title="bbox 254 2947 918 2998; baseline -0.002 -10"><span class='ocrx_word' id='word_1_276' title='bbox 254 2950 381 2988; x_wconf 91' lang='lat' dir='ltr'>Mens</span> <span class='ocrx_word' id='word_1_277' title='bbox 413 2948 545 2998; x_wconf 87' lang='lat' dir='ltr'>agitat</span> <span class='ocrx_word' id='word_1_278' title='bbox 576 2947 748 2988; x_wconf 88' lang='lat' dir='ltr'>molem.</span> <span class='ocrx_word' id='word_1_279' title='bbox 789 2955 918 2998; x_wconf 89' lang='lat'>1307.</span> 
     </span>
    </p>

    <p class='ocr_par' dir='ltr' id='par_1_47' title="bbox 253 3003 1596 3056">
     <span class='ocr_line' id='line_1_48' title="bbox 253 3003 1596 3056; baseline -0.004 -9"><span class='ocrx_word' id='word_1_280' title='bbox 253 3010 379 3047; x_wconf 91' lang='lat' dir='ltr'>Mens</span> <span class='ocrx_word' id='word_1_281' title='bbox 411 3008 588 3047; x_wconf 90' lang='lat' dir='ltr'>immota</span> <span class='ocrx_word' id='word_1_282' title='bbox 618 3012 774 3056; x_wconf 89' lang='lat' dir='ltr'>manet,</span> <span class='ocrx_word' id='word_1_283' title='bbox 811 3006 994 3046; x_wconf 82' lang='lat' dir='ltr'>lacrimae</span> <span class='ocrx_word' id='word_1_284' title='bbox 1027 3003 1263 3046; x_wconf 88' lang='lat' dir='ltr'>volvuntur</span> <span class='ocrx_word' id='word_1_285' title='bbox 1294 3003 1458 3042; x_wconf 88' lang='lat' dir='ltr'>inanes.</span> <span class='ocrx_word' id='word_1_286' title='bbox 1495 3011 1596 3053; x_wconf 90' lang='lat'>320.</span> 
     </span>
    </p>

    <p class='ocr_par' dir='ltr' id='par_1_48' title="bbox 252 3067 1127 3119">
     <span class='ocr_line' id='line_1_49' title="bbox 252 3067 1127 3119; baseline -0.003 -11"><span class='ocrx_word' id='word_1_287' title='bbox 252 3069 379 3108; x_wconf 89' lang='lat' dir='ltr'>Mens</span> <span class='ocrx_word' id='word_1_288' title='bbox 412 3079 514 3107; x_wconf 88' lang='lat' dir='ltr'>sana</span> <span class='ocrx_word' id='word_1_289' title='bbox 545 3067 590 3106; x_wconf 91' lang='lat' dir='ltr'>in</span> <span class='ocrx_word' id='word_1_290' title='bbox 622 3079 803 3119; x_wconf 89' lang='lat' dir='ltr'>corpore</span> <span class='ocrx_word' id='word_1_291' title='bbox 835 3078 957 3106; x_wconf 88' lang='lat' dir='ltr'>sano.</span> <span class='ocrx_word' id='word_1_292' title='bbox 1000 3072 1127 3116; x_wconf 88' lang='lat'>1379.</span> 
     </span>
    </p>
   </div>
   <div class='ocr_carea' id='block_1_4' title="bbox 1946 3381 2014 3386">
    <p class='ocr_par' dir='ltr' id='par_1_49' title="bbox 1946 3381 2014 3386">
     <span class='ocr_line' id='line_1_50' title="bbox 1946 3381 2014 3386; baseline 0 0"><span class='ocrx_word' id='word_1_293' title='bbox 1946 3381 2014 3386; x_wconf 95' lang='lat' dir='ltr'> </span> 
     </span>
    </p>
   </div>
  </div>
 </body>
</html>
