2014 3386
751 154 898 192 Indice
928 156 1038 193 delle
1060 154 1189 207 frasi
1311 123 1314 125 -
1687 153 1766 206 581

170 325 302 364 Esser
331 322 444 363 bella
473 335 499 361 a
528 321 606 362 che
638 322 812 375 dunque
843 323 902 362 mi
933 323 1078 374 giova.
1117 330 1215 373 137.

170 385 326 424 Essere
355 396 382 423 0
412 395 500 422 11011
531 394 687 432 essere,
721 387 874 435 questo
906 383 928 421 ὲ
959 383 990 422 il
1020 382 1258 435 problema.
1298 392 1427 433 1299.

169 444 251 483 Est
280 441 381 482 bien
410 442 485 481 fou
519 442 571 482 de
601 454 779 482 cerveau
805 441 813 498 ξ
840 442 926 494 Qui
957 441 1136 494 pretend
1167 447 1387 482 contenter
1418 445 1513 481 tout
1543 440 1583 481 le
1615 442 1772 482 monde

230 507 271 542 et
304 514 383 541 son
415 502 530 554 pere.
570 510 699 552 1297.

169 562 251 602 Est
280 560 385 600 deus
415 561 461 600 in
490 560 634 610 nobis,
668 561 854 612 agitante
885 560 1131 601 calescimus
1162 558 1254 601 illo.
1295 570 1422 613 1499.

169 622 251 661 Est
281 625 347 660 est
377 620 468 661 est!
509 621 635 661 1868.

169 681 251 720 Est
280 679 435 720 modus
465 680 511 719 in
541 681 686 720 rebus.
727 687 854 730 1577.

167 741 321 780 Estote
359 739 591 792 prudentes
631 739 741 779 sicut
781 744 1016 792 serpentes,
1062 744 1102 779 et
1145 738 1357 792 simplices
1394 738 1503 778 sicut
1540 737 1767 780 columbae.

235 800 364 851 1285.

168 860 250 899 Est
279 857 501 911 proprium
540 857 731 898 stultitiae
763 857 943 897 aliorum
974 857 1095 897 vitia.
1115 870 1299 907 cernere,
1336 856 1534 897 oblivisci
1575 870 1767 898 suorum.

235 917 365 969 1659.
1173 909 1189 925 ⁸

170 978 253 1017 Est
283 976 483 1029 quaedam
515 976 617 1016 flere
650 976 866 1029 voluptas.
906 976 1035 1029 1165.

170 1036 233 1078 Ἢ
264 1038 343 1077 τὰν
376 1036 404 1088 ᾖ
440 1037 511 1077 ἐπὶ
540 1040 637 1086 τᾶς.
672 1035 775 1087 648.

167 1097 227 1136 Et
255 1097 280 1135 a
310 1095 414 1148 quoi
445 1108 512 1135 me
550 1094 799 1135 servirait-il
841 1091 979 1135 d'etre
1018 1095 1176 1148 prince,
1214 1095 1251 1135 si
1278 1095 1322 1148 je
1352 1107 1407 1134 ne
1437 1093 1578 1134 saisais
1610 1106 1686 1147 pas
1717 1094 1771 1134 de

227 1152 511 1196 l'arbitraire?
550 1165 679 1207 1244.

167 1215 226 1254 Et
255 1227 325 1254 ces
355 1214 468 1254 deux
498 1214 654 1266 grands
687 1213 829 1253 debris
862 1227 907 1254 se
938 1214 1202 1254 consolaient
1233 1218 1351 1253 entre
1382 1226 1480 1254 euX.
1517 1223 1539 1252 2
1548 1221 1619 1264 37.

167 1275 227 1314 Et
257 1274 333 1314 des
365 1274 537 1327 boyaux
569 1274 628 1313 du
659 1273 826 1313 dernier
857 1275 1013 1327 pretre.
1048 1274 1151 1325 609.

168 1335 228 1374 Et
259 1346 339 1386 ego
369 1334 415 1372 in
447 1333 647 1374 Arcadia.
687 1341 816 1383 1719.

170 1394 335 1433 Eterno
365 1393 630 1434 semminino.
665 1402 768 1444 341.

168 1453 228 1493 Et
257 1452 464 1493 excitatus
494 1458 558 1493 est
589 1452 816 1504 tamquam
839 1452 1056 1492 dormiens
1086 1452 1317 1492 Dominus.
1359 1461 1488 1504 1325.

167 1513 226 1552 Et
254 1512 390 1552 facere
420 1517 462 1552 et
493 1511 581 1564 pati
611 1512 737 1552 sortia
768 1512 1017 1552 Romanum
1049 1517 1130 1552 est.
1170 1512 1299 1562 1098.

167 1572 312 1612 Etiam
343 1572 506 1624 periere
537 1571 688 1612 ruinae.
722 1580 827 1623 497.

165 1632 226 1671 Et
252 1632 296 1684 je
326 1644 438 1671 veux
469 1627 579 1684 qu'il
611 1644 678 1670 me
710 1631 840 1680 batte,
878 1630 993 1671 moi!
1031 1639 1132 1680 372.

165 1691 226 1730 Et
254 1691 294 1731 le
323 1691 495 1730 combat
524 1703 656 1740 cessa,
693 1690 808 1730 faute
838 1690 892 1729 de
923 1691 1226 1731 combattants.
1262 1689 1365 1742 658.

165 1752 224 1791 Et
252 1750 292 1790 le
333 1750 471 1802 genie,
511 1746 724 1803 qu'est·ce
761 1747 872 1803 qu'il
913 1749 1147 1790 deviendra
1187 1750 1379 1802 pendant
1409 1762 1493 1802 que
1528 1745 1686 1802 j’aurai
1717 1748 1770 1789 de

227 1806 420 1851 l'ordre?
458 1819 585 1862 1233.

165 1870 224 1909 Et
252 1865 346 1909 l'on
375 1868 539 1909 revient
570 1869 764 1922 toujours
793 1869 799 1922 Ι
827 1859 870 1908 A
901 1881 968 1908 ses
999 1868 1203 1922 premier-s
1234 1880 1421 1908 amours.
1457 1876 1528 1920 37.

165 1929 225 1968 Et
255 1928 344 1968 moi
373 1929 487 1968 aussi
515 1929 559 1981 je
590 1928 656 1968 fus
688 1932 859 1980 pasteur
891 1929 996 1968 dans
1028 1925 1265 1969 l’Arcadie.
1304 1935 1434 1978 1719.

164 1989 223 2028 Et
252 1987 442 2028 refellere
472 1988 563 2027 sine
593 1988 824 2041 pertinacia
854 1993 897 2028 et
927 1988 1062 2028 refelli
1085 1989 1177 2028 sine
1203 1987 1421 2027 iracundia
1445 1986 1581 2040 parati
1602 1999 1766 2028 sumus.

234 2047 363 2100 1365.

165 2106 226 2146 Et
255 2107 439 2147 Rosette
470 2120 495 2146 a
525 2119 631 2146 vecu
661 2119 708 2146 ce
731 2119 815 2158 que
846 2107 994 2147 vivent
1025 2106 1085 2147 les
1117 2119 1251 2146 roses.
1287 2107 1390 2147 861.

165 2166 224 2206 Et
255 2166 386 2206 semel
416 2166 634 2215 emissum,
668 2165 786 2205 volat
817 2166 1094 2206 irrevocabile
1126 2167 1322 2207 verbum.
1363 2173 1493 2217 1025.

165 2226 225 2266 Et
253 2225 445 2278 sequitur
475 2225 626 2265 leviter
659 2225 747 2264 filia
778 2226 924 2266 matris
955 2226 1050 2267 iter.
1085 2235 1189 2278 434.

164 2285 224 2326 Et
253 2297 322 2325 ses
352 2285 489 2325 mains
520 2284 786 2325 ourdiroient
816 2285 876 2325 les
908 2286 1123 2326 entrailles
1154 2286 1213 2325 du
1244 2286 1399 2338 pretre.
1435 2285 1538 2335 609.

165 2345 204 2383 E
235 2350 283 2385 tn
313 2356 446 2384 onore
475 2343 519 2383 di
550 2345 698 2397 pianti,
733 2345 902 2394 Ettore,
936 2345 1069 2386 avrai.
1109 2354 1236 2397 1049.

165 2405 224 2444 Et
254 2403 369 2444 voila
395 2404 628 2457 justement
659 2417 823 2444 comme
853 2417 907 2444 on
941 2406 1045 2445 ecrit
1075 2401 1308 2444 l’histoire!
1346 2411 1449 2455 425.

165 2453 205 2503 E
235 2475 323 2504 uno
354 2463 423 2503 dei
454 2464 652 2515 vantaggi
676 2464 720 2502 di
750 2469 903 2516 questo
925 2464 1085 2504 mondo
1115 2463 1259 2516 quello
1290 2462 1334 2502 di
1366 2468 1512 2516 potere
1542 2463 1688 2503 odiare
1715 2462 1768 2504 ed

224 2535 365 2563 essere
395 2522 529 2563 odiati
560 2535 688 2563 senza
718 2523 974 2565 conoscersi.
1014 2531 1114 2576 759.

165 2582 352 2623 Eureka.
392 2582 519 2632 1678.

164 2641 306 2682 Eviva
337 2641 566 2695 Gianduja.
601 2642 705 2692 893.

164 2701 204 2740 E
234 2707 336 2742 vota
365 2714 388 2741 e
419 2701 525 2752 gira,
553 2697 593 2740 ’a
625 2700 756 2741 storia
786 2701 808 2740 ὲ
840 2713 984 2754 sempe
1016 2701 1180 2741 chessa.
1216 2700 1318 2741 616.

164 2761 232 2800 Ex
262 2761 526 2801 abundantia
555 2761 694 2801 cordis
727 2773 775 2800 os
807 2759 1013 2813 loquitur.
1054 2770 1182 2813 1431.

164 2819 403 2862 Excelsior.
444 2828 572 2870 1097.

165 2879 301 2931 Exegi
332 2885 657 2920 monumentum
689 2891 784 2919 aere
814 2879 1060 2932 perennius.
1101 2879 1198 2929 178.

165 2938 372 2979 Exoriare
403 2939 557 2991 aliquis
587 2938 746 2979 nostris
777 2951 828 2979 ex
861 2939 1032 2978 ossibus
1063 2938 1193 2979 ultor.
1233 2946 1333 2991 725.

164 2996 352 3050 Expedit
381 2998 537 3049 (vobis)
569 3003 617 3038 ut
648 3011 757 3038 1111113
789 2998 994 3039 moriatur
1024 2997 1156 3039 homo
1187 3010 1266 3051 pro
1298 2996 1475 3051 popule.
1512 3005 1614 3050 579.

165 3056 357 3110 Experto
387 3057 561 3099 credite.
598 3067 701 3110 400.
