2014 3386
1555 0 1578 18 ‘1
1607 0 1637 9 ‘⁸
1686 0 2014 37 *VREQWFQ

318 126 375 181 46
816 100 818 102 .
852 131 855 134 '
929 127 1013 168 Chi
1040 128 1148 168 l’ha
1178 126 1324 168 detto?
1679 127 1928 186 '[19o·191]

330 201 1926 222 ———-——-——-——-——--——-—-——2-—

374 300 433 340 Di
456 305 607 354 questa
630 301 854 343 iscrizione
875 304 964 343 cosi
984 302 1102 356 parla
1120 303 1271 344 Oreste
1289 303 1555 343 Tommasini
1577 299 1678 343 nell’
1694 316 1844 357 opera:
1866 304 1929 344 La

315 377 406 416 vita
428 391 449 415 e
464 378 539 430 glz'
553 379 702 418 scrz'ttz·
719 380 768 417 dz'
781 379 957 420 Niccolc)
976 379 1263 419 Machiavellz·
1275 380 1391 419 nella
1409 379 1501 419 loro
1519 380 1733 419 relazz‘one
1749 380 1818 421 col
1829 379 1928 427 Ma-

315 452 606 492 chz’avellz'smo
630 452 826 504 (Torino,
852 453 995 505 1881),
1019 453 1108 494 vol.
1134 455 1169 504 I,
1200 467 1297 506 pag.
1325 454 1364 504 6,
1394 454 1438 493 in
1462 459 1534 494 n.‘:
1562 455 1667 494 «Un
1691 458 1926 505 cruscante,

314 525 345 564 il
378 526 606 577 Colombo,
641 527 750 567 ebbe
782 541 807 567 a
831 527 1039 569 scrivere:
1074 545 1092 565 «
1111 529 1166 568 Se
1188 541 1275 568 non
1298 530 1384 581 puo
1406 528 1568 568 esservi
1591 528 1730 580 elogio
1744 542 1931 583 propor-

323 617 342 637 .«
365 600 537 641 zionato
569 602 608 641 al
640 602 791 642 merito
825 599 868 642 d'
885 616 942 649 un
975 604 1133 654 grande
1165 617 1311 654 uomo,
1337 605 1359 644 ὲ
1381 604 1554 656 dunque
1578 603 1728 644 inutile
1749 603 1780 644 il
1802 604 1923 655 farlo,

318 692 337 714 ‹<
363 689 386 716 e
425 680 538 716 tutto
575 676 606 716 il
644 690 797 729 genere
835 678 1093 727 esornativo,
1133 679 1225 718 sara
1263 677 1472 717 riserbato
1513 678 1552 717 ai
1583 677 1802 731 mediocri.
1838 678 1929 720 Che

323 768 342 788 <
364 751 569 793 assurdo!
597 768 615 788 »
641 776 666 782 -
689 752 893 792 Tutlavia
930 749 1174 806 l'epigrase,
1209 752 1382 805 quando
1415 749 1591 792 s’abbia
1621 752 1821 804 riguardo
1853 753 1931 794 che

315 839 392 879 par
423 826 526 866 satta
558 839 633 879 per
664 827 889 867 vendicare
920 827 1103 868 Niccolo
1136 823 1354 867 dall’onta
1386 827 1456 868 del
1486 826 1866 879 macffiavellismo,
1895 828 1931 869 si

315 903 485 941 trovera
516 901 661 953 gonfia
692 916 760 942 ma
791 915 879 942 non
912 903 1279 956 sproporzionata.
1313 904 1384 943 Ne
1415 903 1455 944 la
1479 905 1501 944 ὲ
1526 903 1663 944 aliena
1687 903 1756 944 dal
1778 917 1930 958 sapore

315 976 515 1016 rettorico
548 976 618 1016 del
649 977 790 1017 secolo
823 977 1122 1018 decimosesto.
1157 978 1211 1017 In
1243 978 1329 1019 San
1362 979 1510 1018 Marco
1542 993 1567 1019 a
1598 979 1791 1030 Firenze,
1821 979 1930 1020 sulla

314 1051 462 1091 tomba
492 1051 535 1091 di
567 1051 783 1092 Giovanni
814 1052 918 1092 Pico
950 1052 1062 1092 della
1093 1052 1339 1093 Mirandola
1372 1053 1405 1093 si
1438 1053 1583 1105 legge:

555 1158 738 1197 Ioannes
766 1159 878 1212 jacet
910 1158 979 1198 hic
1011 1159 1283 1208 Mirandula;
1320 1165 1472 1201 caetera
1502 1165 1663 1202 norunt

555 1226 614 1265 Et
644 1227 788 1277 Tagus
819 1230 860 1266 et
893 1226 1086 1278 Ganges:
1123 1227 1266 1267 forsan
1298 1232 1340 1268 et
1369 1227 1633 1281 Antipodes.

315 1345 354 1385 E
385 1343 416 1384 il
449 1344 700 1394 PONTANO,
736 1340 982 1396 nell’elegia
1013 1344 1057 1384 in
1089 1349 1225 1385 morte
1257 1344 1326 1385 del
1358 1345 1574 1388 Marullo:

734 1449 812 1489 Nil
844 1453 1009 1503 praeter
1041 1462 1199 1490 nomen
1234 1450 1416 1493 tumulo.

316 1572 356 1611 E
380 1569 625 1624 finalmente
647 1568 715 1608 nel
739 1573 1016 1609 monumento
1039 1573 1173 1610 eretto
1190 1569 1234 1609 in
1252 1570 1397 1609 Roma
1413 1570 1482 1610 nel
1499 1574 1712 1611 convento
1730 1567 1933 1612 de’Santi

315 1644 519 1698 Apostoli
550 1658 574 1683 a
606 1642 919 1694 Michelangelo
950 1644 1225 1694 Buonarroti,
1252 1644 1297 1683 in
1319 1645 1523 1684 memoria
1546 1644 1614 1684 del
1636 1646 1766 1685 breve
1787 1649 1932 1698 tempo

318 1720 395 1760 che
426 1719 467 1758 la
499 1718 631 1758 salma
662 1718 706 1756 di
738 1718 837 1770 quel
867 1718 1027 1769 grande
1059 1719 1103 1758 su
1137 1718 1257 1771 quivi
1289 1719 1498 1771 ospitata:
1534 1720 1744 1759 MICHAEL
1771 1722 1932 1760 ANGE-

316 1804 401 1835 LUS
429 1808 437 1835 :
464 1795 810 1834 BONARROTIUS
835 1807 844 1834 :
873 1803 1112 1834 SCULPTOR
1137 1804 1306 1834 PICTOR
1332 1804 1670 1835 ARCHITECTOR
1697 1810 1706 1836 :
1734 1806 1933 1835 MAXIMA

317 1879 582 1910 ARTIFICUM
612 1879 917 1916 FREQUENTIA
943 1884 952 1910 z
980 1879 1031 1908 IN
1052 1879 1151 1909 HAC
1174 1878 1393 1909 BASILICA
1425 1869 1504 1910 SS.
1533 1870 1641 1910 XII.
1670 1872 1845 1911 APOST.
1873 1871 1927 1912 F.

319 1946 383 1985 M.
414 1945 463 1985 C.
488 1945 602 1985 :XL
632 1944 746 1984 CAL.
775 1945 940 1984 MART.
966 1946 1023 1985 A.
1050 1945 1299 2001 MDLXIV
1322 1954 1504 1985 ELATUS
1526 1954 1610 1984 EST
1631 1959 1639 1986 :
1662 1954 1793 1985 CLAM
1814 1955 1932 1985 INDE

318 2021 640 2059 FLOREN·r1AM
671 2029 977 2058 TRANSLATUS
1005 2034 1013 2060 :
1040 2030 1098 2059 ET
1130 2030 1182 2058 IN
1215 2029 1402 2058 TEMPLo
1437 2019 1482 2060 S.
1510 2019 1686 2059 CRUCIS
1710 2029 1928 2060 EORUMD.

318 2095 371 2134 F.
401 2107 410 2134 ι
439 2094 498 2133 V.
526 2095 597 2134 ID.
623 2094 788 2134 MART.
824 2104 981 2143 EJUSD.
1016 2104 1066 2134 A.
1095 2103 1331 2133 COND1TUS
1358 2108 1367 2134 ε
1393 2104 1552 2134 ΤΑΝΤΟ
1581 2104 1758 2135 NOMINI
1783 2108 1792 2135 ε
1818 2104 1933 2134 Nm„-

317 2178 417 2208 LUM
457 2178 550 2208 PAR
585 2178 817 2209 ELOGIUM.
855 2169 979 2208 Sotto
1011 2168 1051 2207 la
1084 2173 1223 2208 statua
1255 2168 1299 2224 di
1330 2168 1536 2209 Marcello
1568 2168 1752 2220 Virgilio
1784 2168 1829 2208 in
1860 2168 1933 2208 Fi-

318 2255 444 2283 renze
475 2242 588 2282 nella
619 2242 761 2282 chiesa
792 2239 860 2282 de’
885 2242 1166 2283 Francescani
1199 2242 1239 2282 al
1270 2243 1454 2284 Monte:

1012 2345 1122 2386 hanc
1154 2350 1338 2386 statuam
1372 2346 1468 2399 pius

735 2413 885 2453 Erexit
917 2413 1082 2464 haeres,
1117 2414 1286 2453 nescius

734 2481 880 2520 Famae
913 2480 1120 2529 futurum,
1157 2484 1199 2520 et
1230 2479 1378 2532 gloriae

736 2550 825 2588 Aut
856 2561 1027 2597 nomen,
1066 2554 1140 2588 aut
1170 2548 1279 2588 nihil
1310 2548 1429 2588 satis.

319 2655 358 2694 E
396 2649 704 2706 nell’epitaffio
743 2632 823 2692 che
852 2651 1026 2705 Filippo
1059 2652 1226 2693 Strozzi
1258 2665 1460 2706 compose
1491 2665 1566 2705 per
1599 2653 1642 2692 se
1674 2656 1826 2703 stesso,
1863 2651 1934 2692 nel

320 2742 418 2769 caso
438 2729 552 2769 fosse
574 2733 713 2769 morto
745 2740 767 2768 e
799 2727 1022 2781 seppellito
1045 2727 1089 2767 in
1111 2728 1262 2781 patria,
1290 2729 1332 2767 sz‘
1349 2729 1492 2768 licebit
1516 2729 1595 2767 hoc
1617 2732 1819 2780 tempore,
1845 2726 1933 2778 leg-

322 2802 492 2854 gevasiz
529 2801 770 2855 «Philippo
809 2802 1027 2842 Strozzae.
1070 2801 1181 2842 Satis
1213 2800 1309 2851 hoc,
1347 2805 1498 2841 caetera
1530 2805 1689 2841 norunt
1720 2813 1884 2842 omnes.
1905 2816 1924 2838 2

333 2918 449 2966 191.
753 2882 947 2951 Alone
986 2899 1126 2951 with
1167 2898 1256 2950 his
1296 2899 1478 2967 glory.

330 3075 428 3117 191.
464 3064 566 3106 Solo
598 3078 678 3106 con
709 3064 750 3105 la
782 3077 857 3105 sua
889 3063 1038 3118 gloria.
