2014 3386
1721 0 1724 2 ’
1773 0 1776 3 ’
1795 0 1829 23 '³
1838 0 2014 74 ’ᾞῩΞἭ

279 121 363 173 596
863 121 1012 159 Indice
1042 122 1153 160 delle
1171 121 1301 175 frasi

274 286 506 330 L’homme
537 286 708 341 s’agite,
742 289 848 329 mais
882 290 994 330 Dieu
1023 290 1064 330 le
1094 291 1234 332 mene.
1271 299 1373 343 395.

273 347 563 390 L’honnetete
593 350 668 389 des
699 350 875 389 semmes
904 355 972 395 est
1003 355 1189 391 souvent
1219 347 1406 391 l'amour
1438 351 1491 391 de
1522 350 1614 391 leur
1644 352 1888 405 reputation

335 414 377 449 et
408 409 462 449 de
493 409 585 448 leur
616 421 760 462 repos.
798 409 899 460 366.

273 465 573 522 L'hypocrisie
613 474 677 508 est
717 482 777 508 un
818 469 1045 520 hommage
1087 482 1171 522 que
1216 469 1256 510 le
1305 470 1399 510 vice
1441 470 1549 510 rend
1593 472 1618 510 a
1661 470 1702 511 la
1744 476 1884 513 vertu.

340 529 469 580 1458.

272 588 429 628 Libera
460 587 616 629 Chiesa
646 587 690 626 in
722 587 859 627 libero
892 588 1032 629 Stato.
1067 589 1171 639 630.

271 649 573 688 Liberamente
604 648 645 687 al
676 647 912 687 domandar
943 661 1156 701 precorre.
1198 656 1296 700 153.

273 708 572 748 Liberamente
603 707 634 746 il
663 707 773 747 sorte
800 707 808 762 Ι
834 710 955 760 Apre
986 707 1026 747 al
1058 708 1183 748 dolor
1214 709 1254 748 le
1285 713 1424 761 porte.
1465 710 1595 762 1158.
1640 750 1646 753 ,

272 768 475 808 Liberata
506 766 630 806 Italia
662 768 716 807 ab
749 767 920 808 exteris.
962 769 1090 817 1078.

272 828 420 867 Liberi
449 840 539 867 non
564 840 701 867 sarem
733 840 778 867 se
810 839 899 867 non
932 828 1067 867 siamo
1098 827 1189 868 uni.
1230 827 1359 868 1060.

272 887 420 927 Liberi
452 887 567 927 sensi
597 887 643 925 in
675 887 808 926 libere
838 887 1001 939 parole.
1042 897 1171 940 1445.

272 947 466 997 Liberta,
501 951 624 986 santa
655 946 750 988 dea.
790 954 892 998 731.

271 1008 448 1047 Liberta
478 1020 533 1046 va
563 1007 790 1056 cercando,
824 1003 932 1046 ch'e
965 1007 1002 1045 si
1033 1019 1144 1047 cara.
1183 1014 1285 1057 732.

273 1067 470 1107 Liberte!
506 1079 671 1106 comme
703 1079 761 1106 on
793 1063 856 1106 t'a
882 1066 1037 1119 jouee!
1078 1074 1177 1118 744.

272 1127 460 1176 Liberte‚
498 1126 679 1177 Egalite‚
718 1126 975 1166 Fraternite.
1015 1126 1116 1178 746.

271 1187 462 1236 Liberte,
495 1186 650 1226 liberte
680 1186 838 1227 cherie.
874 1186 979 1235 671.

271 1247 419 1287 Libito
452 1243 505 1286 fe’
522 1246 640 1286 licito
671 1246 717 1285 in
750 1259 826 1286 sua
856 1245 992 1297 legge.
1033 1245 1163 1297 1652.

271 1307 392 1347 Libri
422 1306 633 1359 quosdam
666 1306 721 1345 ad
745 1306 982 1356 scientiam,
1007 1306 1219 1357 quosdam
1241 1305 1296 1344 ad
1315 1305 1526 1345 insaniam
1552 1304 1783 1346 deduxere.
1813 1314 1884 1345 20.

272 1367 528 1407 Librum....
565 1366 780 1417 signatum
813 1365 964 1417 sigillis
996 1370 1177 1417 septem.
1217 1367 1345 1417 1758.

271 1423 503 1467 L'id'ioma
534 1426 668 1477 gentil
700 1431 880 1466 sonante
912 1438 935 1465 e
966 1438 1092 1478 puro.
1128 1435 1245 1476 910.-

271 1484 324 1527 L’
341 1487 507 1527 illustre
539 1485 719 1526 bindolo
747 1486 752 1540 Ι
781 1488 824 1525 Α
855 1498 962 1538 capo
994 1487 1139 1526 basso.
1181 1493 1309 1535 1791.

274 1544 613 1598 L'imagination
645 1551 710 1586 est
741 1546 781 1585 la
811 1546 912 1585 folle
943 1545 1002 1584 du
1033 1545 1160 1596 logis.
1197 1546 1300 1596 694.

271 1603 324 1647 L’
341 1606 511 1646 infinita
541 1606 687 1645 vanita
719 1606 790 1645 del
820 1610 950 1645 tutto.
989 1607 1088 1654 782.

273 1664 601 1717 L'Inghilterra
631 1667 654 1705 ὲ
685 1666 727 1705 la
758 1665 850 1705 sola
881 1665 1016 1704 amica
1047 1661 1247 1704 d’Italia.
1283 1674 1386 1715 939.

272 1724 603 1777 L'ingratitude
634 1730 699 1765 est
729 1722 1090 1777 l’independance
1121 1724 1180 1763 du
1212 1736 1346 1764 coeur.
1384 1724 1487 1776 635.

275 1787 442 1837 Lingua
473 1783 551 1825 che
582 1784 736 1825 chiami
768 1798 953 1824 mamma
984 1797 1007 1824 e
1037 1784 1200 1824 babbo.
1241 1791 1369 1833 1177.

272 1845 529 1898 Linquenda
559 1845 701 1894 tellus,
739 1851 781 1885 et
812 1845 982 1894 (10111115,
1019 1849 1062 1884 et
1092 1844 1265 1896 placens
1294 1844 1299 1896 Ι
1330 1843 1468 1884 Uxor.
1503 1844 1608 1893 819.

271 1906 499 1959 Lisandro,
537 1905 658 1954 siedi,
697 1917 720 1944 e
750 1905 888 1944 libero
921 1901 1163 1957 m’esponi.
1204 1911 1333 1952 1721.

273 1963 325 2006 L'
347 1965 473 2005 Italia
504 1965 617 2017 degli
649 1964 839 2005 Italiani.
881 1964 1009 2005 1080.

274 2023 325 2065 L’
346 2025 471 2065 Italia
502 2026 591 2064 sara
621 2025 676 2064 da
707 2025 768 2065 se.
810 2026 940 2075 1083.

273 2085 458 2125 L’Italie
489 2089 554 2124 est
584 2084 625 2124 la
657 2090 768 2124 terre
799 2085 875 2124 des
908 2087 1060 2123 morts.
1102 2082 1231 2134 1084.

273 2143 456 2185 L'Italie
488 2149 554 2184 est
584 2157 668 2184 une
700 2143 951 2197 expression
982 2142 1319 2195 geographique.
1360 2143 1489 2193 1085.

271 2206 435 2245 Littera
465 2204 578 2244 enim
610 2204 780 2253 occidit,
816 2204 991 2256 spiritus
1023 2208 1163 2242 autem
1197 2202 1405 2242 vivificat.
1441 2202 1484 2242 8.

273 2266 397 2305 Litus
430 2277 540 2313 ama,
575 2264 708 2304 altum
740 2263 813 2303 alii
844 2267 1032 2303 teneant.
1073 2273 1203 2313 1219.

273 2326 327 2364 Li
358 2324 449 2364 vivi
480 2324 663 2377 poi-poi,
700 2324 836 2363 bboni
867 2337 894 2364 o
926 2322 1113 2363 ccattivi.
1149 2322 1253 2373 852.

273 2386 338 2425 Lo
370 2384 485 2424 bello
517 2383 614 2423 stile
646 2383 723 2423 che
755 2384 814 2423 mi
844 2383 901 2423 ha
931 2383 1039 2423 fatto
1070 2395 1220 2422 onore.
1261 2391 1390 2432 1413.

275 2445 340 2484 Lo
370 2444 442 2484 bel
472 2444 644 2496 pianeta
675 2443 752 2482 che
783 2443 840 2482 ad
870 2456 987 2483 amar
1017 2442 1228 2482 conforta.
1264 2441 1365 2490 276.

274 2505 338 2544 Lo
371 2504 493 2544 dolce
526 2505 602 2543 ber
634 2503 711 2542 che
744 2503 827 2542 mai
859 2515 949 2542 non
980 2499 1174 2541 m’avria
1206 2501 1338 2540 sazio.
1378 2507 1506 2551 1573.

274 2565 339 2604 Lo
371 2564 524 2615 giorno
556 2576 601 2603 se
632 2560 857 2602 n’andava
889 2575 912 2601 e
943 2558 974 2600 l'
990 2575 1060 2601 aer
1092 2561 1250 2602 bruno.
1289 2568 1391 2611 522.

272 2624 338 2663 Lo
371 2624 523 2674 giurai,
557 2623 597 2662 13
630 2623 820 2662 vincero.
857 2621 961 2672 966.

275 2684 338 2722 Lo
370 2683 566 2722 ministro
600 2683 789 2733 maggior
820 2680 933 2720 della
964 2681 1149 2721 Natura.
1187 2688 1290 2731 274.

275 2743 473 2793 Longum
503 2743 583 2782 iter
614 2747 679 2782 est
710 2755 785 2794 per
817 2746 1047 2794 praecepta.
1086 2749 1187 2792 253.

273 2803 445 2841 Lontan
476 2802 590 2852 dagli
621 2802 744 2841 occhi
774 2801 925 2840 lontan
958 2794 1029 2839 dal
1060 2811 1205 2839 cuore.
1244 2808 1315 2850 39.

273 2858 458 2901 L'ordre
489 2863 618 2912 regne
649 2864 673 2901 a
703 2861 934 2901 Varsovie.
971 2859 1073 2912 656.

275 2918 661 2973 Lorsqu'Auguste
693 2921 860 2970 buvait,
893 2919 934 2959 la
965 2919 1159 2969 Pologne
1191 2916 1295 2956 etait
1325 2916 1432 2956 ivre.
1473 2915 1601 2955 1261.

275 2981 340 3020 Lo
373 2980 626 3020 sehermitor
658 2981 780 3019 vinto
811 2981 834 3019 ὲ
866 2979 911 3018 (11
944 2978 1157 3019 schermo.
1199 2986 1297 3016 121.

277 3041 341 3081 Lo
373 3040 612 3093 spagnuolo
643 3053 731 3079 non
764 3041 889 3078 beve.
932 3047 1058 3088 1903.
