2014 3386
0 0 351 286 [11520-1521]
420 158 426 159 ⁷
485 118 661 158 Scienze
689 133 711 158 e
741 119 905 164 lettere,
932 119 1100 170 poesia,
1136 131 1220 159 ecc.
1564 122 1651 170 43'7

0 287 13 357 J
48 289 218 329 sembra
246 300 336 328 non
365 288 480 329 fosse
510 285 541 328 1’
556 288 760 342 opinione
790 289 834 329 di
864 301 923 329 un
962 289 1071 330 altro
1101 289 1373 342 imperatore,
1406 288 1542 329 molto
1580 288 1655 341 piu

2 365 12 426 1
47 369 232 413 recente,
265 365 565 405 SIGISMONDO
597 365 637 414 Ι,
670 364 749 404 che
778 364 849 404 nel
880 365 1073 405 Concilio
1105 365 1150 404 di
1179 365 1390 406 Costanza
1422 364 1492 405 del
1520 375 1651 416 1414,

46 437 338 490 rivolgendosi
367 439 407 478 ai
438 439 569 478 Padri
593 439 654 478 ivi
683 439 872 488 adunati,
909 439 1078 480 diceva:
1112 455 1130 476 «
1148 441 1260 479 Date
1291 452 1463 492 operam
1495 443 1544 479 ut
1574 440 1654 478 illa

47 513 240 566 nefanda
268 513 455 552 schisma
484 513 720 553 eradicetur
738 529 756 550 x
788 513 1056 565 (riserendosi
1086 513 1171 553 allo
1202 513 1355 553 scisma
1375 513 1419 553 di
1442 513 1652 566 Boemia),

47 585 254 647 etpoiche
284 582 612 626 l'Arcivescovo
643 586 872 626 Placenzio
896 591 1274 626 sommessamente
1295 588 1494 627 osservo:
1523 602 1542 623 <z
1562 586 1655 625 Do-

46 659 175 709 mine,
204 659 389 699 schisma
418 665 484 699 est
514 660 679 711 generis
700 659 894 700 neutrius
911 676 955 708 »,
978 673 1067 700 non
1090 660 1340 700 semminino
1368 673 1488 700 come
1519 672 1654 700 aveva

0 731 2 737 ’
46 733 166 774 detto
185 730 217 773 l’
231 733 500 786 imperatore,
527 734 667 786 questi
690 734 971 774 arditamente
993 734 1179 787 rispose:
1203 735 1297 788 Ego
1323 748 1421 774 sum
1452 735 1548 773 Rex
1568 735 1653 773 Ro-

0 825 2 838 1
46 822 204 848 manus
231 814 275 847 et
293 814 429 860 super
443 810 795 861 grammaticam.
820 804 908 847 ΑΠ’
923 808 1134 868 incontro,
1166 809 1394 848 MOLIERE
1417 809 1652 861 interpret&

45 883 76 923 il
106 884 226 923 detto
257 883 492 923 medievale
521 883 634 923 nelle
663 884 856 923 Femmes
885 889 1094 929 savantes,
1132 898 1172 924 a.
1207 884 1294 933 III,
1329 897 1388 924 sc.
1424 884 1468 933 6,
1503 895 1584 923 con
1614 883 1655 923 le

45 958 215 1011 parole:
249 959 314 997 La
339 960 612 1011 grammaire
643 961 725 1010 qui
751 960 838 997 saz't
866 964 1066 1011 regenter
1085 958 1343 1012 jusqu'aux
1374 960 1477 999 roz‘s.

103 1032 143 1072 Il
166 1045 265 1073 caso
286 1038 457 1072 narrato
479 1032 534 1071 da
555 1033 763 1072 Svetonio
786 1032 844 1071 mi
865 1038 953 1072 trae
977 1047 1001 1072 a
1021 1032 1185 1085 parlare
1206 1032 1318 1072 della
1349 1032 1512 1083 origine
1543 1030 1654 1071 delle

44 1107 207 1161 parole,
240 1107 331 1147 cioe
362 1106 474 1146 delle
504 1106 599 1146 loro
630 1106 893 1158 etimologie.
923 1109 964 1146 A
984 1107 1172 1146 indicare
1193 1106 1303 1146 delle
1324 1105 1569 1158 etimologie
1587 1118 1654 1145 as-

44 1182 173 1223 surde
202 1195 231 1222 o
260 1181 585 1222 contradittorie
617 1181 653 1221 si
684 1181 805 1221 suole
835 1181 964 1221 citare
994 1181 1024 1220 il
1054 1181 1173 1221 detto
1205 1180 1365 1221 latino:

54 1309 208 1359 1520.
251 1294 441 1345 Lucus
480 1311 514 1344 a
554 1311 668 1344 non
708 1295 970 1346 lucendO.

43 1433 123 1474 che
151 1446 223 1474 era
252 1446 339 1473 una
368 1433 479 1473 delle
509 1433 753 1484 etimologie
783 1448 810 1472 a
839 1436 1071 1474 contrariis
1091 1434 1202 1474 nelle
1224 1434 1341 1487 quali
1362 1435 1398 1474 si
1419 1434 1654 1487 compiace-

43 1520 157 1548 vano
187 1507 247 1559 gli
265 1507 440 1547 antichi.
467 1507 628 1559 Questa
651 1507 696 1546 di
719 1509 845 1547 lucus
867 1509 889 1547 ὲ
911 1508 1123 1548 ricordata
1145 1508 1200 1547 da
1221 1507 1545 1559 QUINTILIANO
1571 1508 1652 1559 (De

42 1583 234 1622 institut.
258 1584 461 1627 oratoria,
488 1582 525 1631 Ι,
556 1579 624 1635 6);
652 1595 675 1621 e
699 1583 754 1622 da
774 1595 862 1622 uno
885 1582 1081 1622 scoliaste
1105 1582 1150 1622 di
1182 1582 1341 1632 Stazio,
1372 1584 1650 1622 LATTANZIO

44 1657 276 1707 PLACIDO,
299 1658 323 1696 e
342 1656 565 1696 attribuita
595 1656 650 1696 ad
681 1668 741 1696 un
771 1657 922 1708 ignoto
953 1657 1231 1708 grammatico
1263 1657 1307 1696 di
1343 1669 1470 1696 nome
1507 1657 1653 1697 Llco-

15 1750 18 1754 ·
44 1740 195 1772 MEDE.
229 1730 278 1771 Si
307 1730 401 1770 dice
431 1730 588 1771 anche:

51 1859 205 1909 1521.
247 1842 419 1895 Canis
456 1861 490 1894 a
529 1860 645 1894 non
686 1844 964 1896 canendo.

41 1996 111 2024 ma
130 1988 282 2037 questa
312 1995 401 2023 non
431 1984 455 2023 ὲ
486 1982 565 2023 che
595 1995 680 2023 una
703 1983 979 2023 trascrizione
1003 1984 1305 2024 canzonatoria
1327 1984 1381 2024 ed
1402 1984 1584 2024 inesatta
1607 1981 1652 2024 di

40 2053 116 2096 un’
131 2056 238 2096 altra
266 2055 514 2107 etimologia
543 2056 750 2109 riportata
774 2056 829 2096 da
848 2057 1095 2097 VARRONE
1116 2056 1186 2096 nel
1207 2061 1382 2097 trattato
1403 2058 1471 2096 De
1494 2059 1651 2111 lingua

43 2131 183 2170 latina
212 2130 336 2181 (VII,
364 2131 458 2182 32):
486 2147 505 2167 α
527 2130 614 2171 Sed
637 2143 779 2181 canes,
803 2130 923 2183 quod
942 2130 1098 2171 latratu
1120 2130 1289 2182 signum
1314 2131 1436 2181 dant,
1463 2137 1511 2172 ut
1531 2132 1652 2183 signa

0 2229 1 2237 κ
40 2210 215 2254 canunt,
241 2218 367 2245 canes
387 2205 628 2258 appellatae.
653 2222 671 2241 2
697 2204 859 2257 Questa
888 2217 977 2245 non
1009 2206 1189 2246 sarebbe
1220 2206 1396 2259 dunque
1435 2219 1521 2246 una
1551 2219 1652 2247 vera

40 2278 289 2331 etimologia
316 2293 344 2318 a
373 2281 603 2324 contrario,
639 2278 757 2331 quali
786 2278 935 2318 invece
967 2279 1197 2319 sarebbero
1228 2278 1269 2319 le
1289 2278 1395 2319 altre
1415 2291 1502 2319 non
1523 2292 1650 2320 meno

41 2359 158 2403 note,
184 2366 254 2394 ma
272 2354 385 2394 forse
406 2354 604 2407 apocrise,
627 2353 671 2393 di
691 2355 851 2394 bellum
872 2367 899 2393 a
920 2355 1047 2393 nulla
1068 2367 1114 2393 re
1130 2355 1253 2399 bella,
1279 2354 1322 2393 di
1339 2356 1492 2396 coelum
1514 2368 1541 2393 a
1563 2368 1648 2393 non

39 2430 228 2473 celando,
264 2430 371 2480 quia
400 2434 602 2480 apertum
633 2434 707 2474 est,
746 2442 769 2468 e
800 2428 870 2467 via
899 2428 1194 2469 discorrendo.
1221 2428 1294 2468 Un
1318 2428 1428 2468 altro
1459 2429 1649 2481 esempio

41 2502 87 2542 di
115 2509 267 2555 queste
294 2503 462 2543 curiose
492 2502 726 2543 antinomie
756 2502 827 2543 del
857 2502 1103 2555 linguaggio
1134 2515 1204 2542 era
1235 2514 1310 2555 per
1340 2501 1563 2541 incidenza
1583 2514 1651 2541 ac-

41 2582 224 2618 cennato
255 2577 326 2618 dal
350 2563 556 2619 'Bvxom

219 2673 315 2715 The
344 2687 422 2726 age
453 2675 504 2714 os
527 2674 643 2726 gold,
681 2674 806 2714 when
839 2674 941 2727 gold
972 2687 1062 2715 was
1093 2679 1165 2727 yet
1196 2674 1434 2724 unknown,

277 2741 422 2781 Lucus
452 2755 479 2781 a
511 2755 595 2781 non
627 2742 884 2783 lucenda...-

531 2798 535 2802 ’
979 2798 1079 2838 (Don
1107 2798 1229 2842 Juan,
1253 2808 1287 2831 c.
1311 2797 1385 2838 VI,
1410 2809 1444 2830 v.
1472 2796 1603 2841 55-56).

48 2973 178 3016 1520.
211 2964 266 3004 In
296 2964 431 3006 latino
460 2964 490 3004 il
522 2937 654 3006 bosco
685 2965 722 3006 si
752 2965 846 3005 dice
876 2967 1002 3005 lucus
1032 2963 1188 3018 perche
1219 2976 1308 3005 non
1339 2960 1376 3005 c’
1392 2965 1415 3004 ὲ
1446 2963 1554 3005 luce.

49 3039 178 3082 1521.
212 3031 260 3072 Si
289 3031 383 3072 dice
411 3045 515 3072 cane
545 3031 701 3085 perche
731 3044 820 3073 non
852 3037 990 3073 canta.

0 3174 48 3386 ὲ
