2014 3386
159 86 172 105 ᾗ
187 77 240 102 2³3)

189 105 210 117 'ff

27 139 326 230 {ybs-767]
418 178 430 193 ·’
518 171 721 225 Membra·
745 185 768 211 e
787 138 1067 225 professioni
1094 172 1262 210 diverse
1606 181 1690 222 223
1762 194 1764 196 >

143 341 371 382 Veniamo.
389 339 471 380 aue
501 339 757 392 professioni
788 337 969 388 liberali,
997 351 1021 378 e
1044 339 1089 378 in
1113 343 1222 378 testa
1253 338 1334 378 alle
1364 337 1470 378 altre
1489 337 1693 378 lasciamo

83 415 227 469 quella
241 414 312 454 del
330 415 442 455 soro.
466 414 713 453 CICERONE
734 413 822 452 fece
837 412 1106 465 insuperbire
1123 411 1181 463 gli
1197 411 1396 451 avvocati
1411 411 1691 464 approvando

83 489 156 531 chi
183 489 355 529 diceva:

85 588 208 652 765.
249 584 471 637 Cedant
508 601 667 635 arma
701 591 873 653 togae,
909 585 1187 636 concedat
1227 585 1422 634 laurea
1451 582 1687 650 linguae.

1091 671 1162 713 (De
1189 671 1342 714 Officiis,
1364 671 1394 710 Ι,
1419 680 1502 712 cap.
1526 669 1652 709 XXI).

81 775 106 803 e
134 763 227 803 cosi
255 762 379 802 viene
409 767 736 802 comunemente
765 762 912 812 citato,
951 761 1117 802 benche
1139 761 1343 801 Cicerone
1363 760 1570 800 scrivesse
1592 773 1691 812 pro-

82 836 317 890 priamente
340 837 470 876 laudi
484 837 633 876 invece
656 837 698 875 di
722 837 901 890 linguae.
927 836 981 875 In
1003 840 1115 875 tutto
1139 835 1170 874 il
1191 835 1340 874 Medio
1361 836 1460 874 Evo
1482 834 1524 874 lo
1546 833 1691 874 studio

81 909 193 950 delle
222 909 335 961 leggi
354 911 399 950 fu
420 914 569 950 tenuto
601 910 646 948 in
678 910 886 949 altissimo
917 921 1064 957 onore,
1097 922 1120 948 e
1150 908 1192 948 la
1223 908 1486 961 professione
1509 921 1692 947 avvoca-

80 983 166 1024 tale
194 984 439 1024 circundata
469 985 514 1024 di
543 984 802 1036 larghissimi
825 984 1039 1037 privilegi,
1063 997 1132 1023 ma
1152 983 1182 1022 il
1215 982 1375 1022 mondo
1405 982 1614 1022 comincio
1635 982 1691 1022 ad

79 1070 238 1098 averne
268 1064 412 1111 presto
442 1059 568 1111 piene
598 1058 638 1098 le
668 1057 827 1108 tasche‚
864 1063 985 1098 tanto
1018 1058 1092 1110 pisi
1116 1057 1193 1097 che
1219 1057 1279 1096 fin
1301 1057 1355 1096 da
1379 1061 1524 1109 tempo
1548 1055 1690 1096 antico
1727 1068 1729 1070 ’

11 1125 14 1130 ⁸
81 1132 119 1172 si
146 1132 358 1172 levavano
389 1133 458 1172 dei
489 1133 626 1173 dubbi
657 1133 766 1172 sulla
797 1131 1059 1172 discrezione
1080 1144 1102 1171 e
1125 1131 1230 1171 sulla
1254 1133 1403 1171 onesta
1424 1130 1538 1182 degli
1557 1143 1690 1170 avvo-

80 1206 181 1256 cati‚
212 1207 278 1246 fra
306 1206 322 1245 i
350 1206 467 1268 quali
498 1207 536 1246 si
566 1211 750 1247 contava
781 1219 855 1259 per
891 1203 1204 1246 un'eccezione
1236 1205 1305 1245 chi
1343 1209 1514 1258 potesse
1549 1216 1731 1266 essere.

18 1311 22 1314 ⁴
83 1279 227 1321 detto:

19 1016 21 1018 ι
0 401 20 993 πῃπῇ-*Μ”ΨἮ
11 370 18 378 Δ.
4 300 11 309 a
3 244 22 262 5..

84 1378 208 1440 766.
249 1376 594 1428 Advocatus
633 1377 732 1428 sed
772 1394 889 1428 non
928 1378 1091 1428 latro,

139 1495 288 1536 Insatti
318 1496 358 1536 la
387 1509 601 1549 sequenza
631 1497 676 1536 di
707 1497 753 1538 S.
789 1499 926 1537 Ivone
957 1499 1114 1550 (morto
1144 1497 1215 1538 nel
1242 1506 1367 1549 1303,
1412 1497 1689 1537 canonizzato

20 1567 21 1570 ’
79 1569 151 1610 nel
188 1578 316 1622 1347,
349 1584 374 1611 e
403 1571 557 1612 celeste
587 1577 771 1624 patrono
803 1572 917 1623 degli
945 1572 1156 1624 avvocati)
1188 1572 1278 1612 cosi
1307 1572 1538 1612 comincia:

675 1676 857 1716 Sanctus
891 1675 990 1716 Yvo

674 1743 781 1783 Erat
810 1742 960 1784 Brito:

675 1809 930 1849 Advocatus

673 1876 760 1916 Sed
789 1888 879 1915 non
909 1875 1036 1926 latro,

676 1943 769 1982 Res
802 1942 994 1991 miranda

675 2009 862 2062 Populo.

141 2112 165 2150 Ι
194 2110 389 2151 moderni
419 2111 693 2153 rincararono
720 2114 764 2153 la
795 2113 917 2162 dose,
950 2127 974 2154 e
1013 2119 1177 2154 mentre
1218 2114 1249 2154 il
1280 2114 1445 2155 GIUSTI
1482 2115 1690 2167 beffeggia

34 2179 41 2187 ’
80 2179 112 2224 l’
127 2190 336 2225 avvocato
372 2185 610 2237 novellino,
643 2187 882 2239 facendogli
922 2193 1091 2228 cantare
1134 2188 1204 2228 dai
1246 2189 1471 2242 compagni
1510 2189 1554 2229 di
1594 2189 1688 2229 uni-

82 2257 264 2298 venite:

37 2398 39 2402 Α
88 2356 211 2419 767.
388 2355 516 2408 Tibi
550 2374 775 2426 quoque,
821 2357 927 2410 tibi
961 2376 1174 2428 quoque

38 2436 42 2440 ’
458 2444 509 2497 E
548 2463 816 2498 concessa
855 2445 1064 2499 facoltzi

457 2533 534 2584 Di
573 2542 769 2601 potere
809 2535 867 2586 in
889 2534 1031 2604 jure
1068 2538 1304 2606 utroque

460 2620 747 2691 Gingillar
784 2622 1109 2676 l'umani'te.
1275 2606 1278 2611 ³

1098 2707 1336 2752 (Gmgillino,
1360 2708 1402 2741 P.
1428 2708 1457 2748 1,
1481 2712 1550 2742 str.
1574 2708 1642 2750 37).

48 2857 49 2860 ,
84 2803 173 2833 nno
202 2798 268 2834 tra
295 2794 311 2834 i
341 2795 416 2848 pin
446 2796 615 2836 secondi
646 2810 669 2837 e
701 2797 775 2850 pisi
806 2798 1010 2838 fortunati
1042 2799 1389 2852 commediografi
1414 2800 1609 2851 francesi,
1642 2800 1688 2840 in

46 2897 53 2931 5
85 2877 171 2907 una
198 2869 438 2909 commedia
467 2869 645 2920 celebre,
681 2870 726 2910 di
757 2871 824 2911 cui
855 2870 885 2910 il
917 2872 1212 2924 protagonista
1243 2874 1265 2913 ὲ
1297 2873 1471 2914 rimasto
1495 2880 1688 2927 appunto

89 2998 191 3051 765.
223 2999 398 3041 Cedano
428 3001 468 3042 le
498 3003 604 3043 armi
635 3002 811 3044 davanti
842 3004 924 3044 alla
955 3010 1055 3057 toga
1085 3018 1108 3046 e
1139 3006 1197 3058 gli
1218 3007 1341 3047 allori
1361 3007 1444 3049 alla
1465 3007 1625 3059 lingua.

0 3131 1 3134 Ἴ
89 3063 191 3115 766.
224 3067 450 3107 Avvocato
475 3081 550 3117 *ma
579 3081 668 3109 non
699 3069 835 3111 ladro.
