2014 3386
753 136 901 173 Indice
930 137 1041 174 delle
1059 135 1188 188 frasi
1684 134 1766 186 603

162 301 268 342 Non
298 301 440 342 omnis
470 302 646 342 moriar.
686 309 784 351 177.

160 361 267 401 Non
296 374 420 415 parce
449 374 550 414 que,
582 361 690 401 mais
722 361 927 414 quoique.
968 369 1098 412 1797.

158 421 266 460 Non
295 426 435 474 parto,
468 433 557 461 non
587 425 718 461 resto.
761 429 889 473 1355.

160 480 268 520 Non
297 481 395 534 plus
425 481 554 521 ultra.
594 480 724 521 1680.
969 487 971 489 '

157 539 263 579 Non
295 540 585 592 possidentem
615 539 749 579 multa
780 540 1002 579 vocaveris
1029 538 1036 595 Ι
1064 541 1202 581 Recte
1233 541 1423 581 beatum.
1464 541 1592 592 1183.

156 599 263 639 Non
292 612 441 652 posso,
474 613 564 639 non
594 600 723 650 devo,
756 612 843 639 non
875 600 1038 651 voglio.
1080 607 1208 651 1725.

154 658 263 699 Non
290 672 538 712 possumus.
579 659 706 709 1726.

154 718 260 759 Non
290 724 413 772 potes
445 731 732 759 successorem
763 724 886 758 tuum
918 718 1125 758 occidere.
1160 718 1264 770 480.

152 778 258 818 Non
288 779 409 831 quod
438 779 568 819 intrat
598 779 644 818 in
674 791 740 827 os,
775 778 1024 830 coinquinat
1054 778 1289 818 hominem.
1330 777 1458 830 1576.

152 837 258 877 Non
287 838 523 890 ragioniam
555 838 600 877 di
630 838 709 886 lor,
742 836 853 892 l-Ma
884 838 1044 888 guarda
1074 849 1102 887 e
1128 851 1269 890 passa.
1311 845 1439 887 1703.

150 896 256 937 Non
285 898 550 950 relinquetur
580 897 651 937 hic
681 896 789 950 lapis
821 910 949 949 super
979 897 1164 949 lapidem
1186 898 1260 950 qui
1281 897 1541 937 destruatur.
1572 897 1701 950 1756.

149 956 255 997 Non
287 962 422 998 restar
451 958 588 1010 pietra
619 970 746 1008 sopra
777 957 928 1009 pietra.
969 956 1098 1008 1756.

150 1015 256 1056 Non
287 1017 502 1070 saprei....
536 1029 624 1056 non
657 1017 687 1055 li
718 1017 776 1056 ho
808 1016 984 1056 contati.
1028 1024 1153 1068 1575.

148 1075 255 1116 Non
285 1089 452 1117 saremo
481 1077 599 1126 abili,
637 1090 705 1116 ma
735 1080 998 1129 soprattutto
1035 1076 1250 1126 vogliamo
1291 1087 1432 1115 essere
1463 1076 1620 1116 onesti.
1656 1075 1758 1128 624.

149 1134 255 1176 Non
285 1149 422 1185 scese,
455 1149 528 1185 no,
565 1135 774 1188 precipiti>
806 1136 850 1175 di
881 1135 1001 1176 sella.
1043 1136 1169 1187 1784.

149 1194 255 1236 Non
284 1196 321 1235 si
352 1201 581 1236 commetta
610 1195 651 1235 al
682 1209 773 1235 mar
803 1195 873 1235 chi
902 1201 1014 1235 teme
1044 1195 1075 1234 il
1106 1198 1253 1235 vento.
1294 1202 1423 1244 1217.

148 1254 254 1295 Non
283 1268 364 1296 son
395 1255 470 1308 poi
501 1255 546 1294 di
576 1255 676 1307 quei
707 1256 931 1295 babbioni.
974 1261 1103 1304 1790.

147 1314 253 1354 Non
284 1328 334 1354 so
364 1328 411 1355 se
439 1315 472 1354 il
500 1315 588 1355 riso
619 1327 647 1354 o
676 1314 718 1354 la
748 1315 862 1363 pieta
891 1314 1080 1367 prevale.
1120 1322 1250 1363 1722.

147 1374 253 1415 Non
282 1387 377 1414 sum
409 1374 632 1427 propheta,
669 1379 712 1414 et
742 1387 832 1414 non
863 1386 959 1413 sum
991 1373 1106 1413 filius
1137 1372 1378 1426 prophetae.
1413 1382 1519 1424 421.

146 1433 252 1474 Non
282 1433 357 1474 tali
387 1434 564 1484 auxilio,
597 1446 676 1474 nec
707 1434 1006 1474 defensoribus
1038 1433 1130 1472 istis
1159 1431 1166 1488 Ι
1196 1434 1386 1485 Tempus
1418 1437 1529 1483 eget.
1569 1432 1667 1474 162.

145 1493 252 1533 Non
281 1497 330 1532 ut
358 1494 482 1533 edam
514 1494 633 1542 vivo,
670 1494 746 1534 sed
776 1499 825 1533 ut
856 1493 1000 1533 vivam
1031 1493 1130 1533 edo.
1171 1492 1299 1542 1627.

145 1553 250 1594 Non
281 1549 556 1604 v’accorgete
587 1553 677 1601 voi,
711 1553 789 1593 che
820 1553 895 1592 noi
927 1553 1033 1592 siam
1065 1552 1217 1592 vermi.
1253 1552 1357 1594 682.

144 1612 249 1652 Non
280 1608 363 1652 v'e
394 1612 577 1652 animale
607 1612 683 1664 piu
713 1612 931 1652 invidioso
964 1611 1034 1652 del
1065 1612 1278 1652 letterato.
1317 1620 1417 1662 753.

142 1672 249 1712 Non
280 1671 379 1711 vitae
411 1672 487 1712 sed
516 1671 674 1712 scholae
707 1672 926 1713 discimus.
967 1679 1098 1724 1415.

143 1731 249 1771 Non
279 1731 381 1771 volo
412 1737 594 1771 mortem
624 1731 763 1784 impii,
794 1729 801 1788 Ι
829 1732 916 1772 Sed
946 1737 994 1772 ut
1025 1734 1299 1771 convertatur
1331 1734 1374 1770 et
1405 1730 1540 1771 vivat.
1575 1731 1679 1782 984.

142 1791 290 1830 Nosce
320 1795 363 1830 te
392 1791 552 1844 ipsum.
592 1801 722 1842 1393.

140 1850 238 1890 Nos
268 1849 390 1889 fusils
422 1850 663 1903 Chassepot
694 1855 771 1891 ont
801 1850 877 1890 fait
908 1849 1148 1891 merveille!
1184 1858 1288 1899 972.

138 1909 237 1950 Nos
267 1921 440 1962 quoque
472 1910 712 1960 floruimus,
748 1910 824 1950 sed
855 1909 936 1949 flos
968 1915 1058 1950 erat
1087 1909 1160 1949 ille
1190 1909 1394 1949 caducus.
1431 1915 1533 1960 545.

139 1969 236 2008 Nos
267 1975 412 2008 vertus
434 1982 489 2009 ne
512 1974 611 2010 sont
632 1970 671 2009 le
695 1969 792 2022 plus
815 1975 1000 2009 souvent
1023 1982 1108 2021 que
1129 1970 1204 2009 des
1230 1969 1344 2008 vices
1377 1967 1591 2019 deguises.
1623 1977 1750 2020 1459.

139 2029 278 2068 Notte
309 2025 484 2068 d'amor
503 2052 561 2059 ——
583 2034 696 2069 tutta
727 2029 948 2082 splendor.
986 2038 1089 2082 525.

138 2087 298 2128 Notte!
334 2087 520 2139 funesta,
553 2093 710 2137 atroce,
744 2088 894 2128 orribil
924 2094 1061 2130 notte.
1098 2090 1201 2141 528.

139 2147 278 2187 Notte
308 2160 384 2199 per
415 2161 483 2188 me
513 2148 709 2188 funesta!
747 2156 850 2201 527.

138 2206 285 2246 Notus
316 2206 361 2246 in
390 2207 574 2260 Judaea.
617 2216 746 2260 1751.

138 2266 264 2305 Nous
295 2266 491 2307 arrivons
523 2267 719 2320 toujours
752 2271 851 2319 trop
882 2266 994 2307 tard.
1026 2275 1155 2319 1350.

135 2325 263 2365 Nous
293 2326 467 2366 aurions
509 2331 693 2366 souvent
730 2326 864 2366 honte
906 2326 960 2366 de
998 2338 1078 2365 nos
1121 2325 1219 2378 plus
1263 2323 1398 2364 belles
1441 2324 1604 2364 actions
1645 2324 1681 2365 si
1712 2325 1751 2365 le

192 2384 350 2425 monde
380 2386 527 2439 voyait
557 2391 654 2426 tous
685 2384 747 2425 les
779 2385 923 2425 motifs
954 2385 1029 2438 qui
1059 2384 1120 2425 les
1152 2384 1420 2438 produisent.
1461 2391 1589 2436 1474.

133 2444 261 2485 Nous
292 2457 428 2485 avons
459 2445 623 2496 change
654 2450 749 2485 tout
781 2445 885 2485 cela.
928 2455 1057 2496 1924.

131 2504 259 2544 Nous
288 2517 425 2544 avons
457 2510 555 2545 tous
588 2517 706 2544 assez
739 2504 792 2544 de
823 2505 936 2544 soree
968 2517 1078 2557 pour
1110 2508 1339 2556 supportet
1370 2502 1432 2543 les
1465 2516 1592 2543 maux
1624 2499 1747 2543 d’au·

199 2562 299 2603 trui.
335 2573 439 2615 234.

130 2621 258 2663 Nous
287 2635 398 2663 nous
430 2622 604 2663 saluons
627 2622 744 2671 bien,
771 2623 877 2662 mais
898 2634 1085 2662 nous-ne
1108 2634 1218 2663 nous
1243 2620 1418 2675 parlons
1439 2623 1583 2674 gnere.
1614 2621 1743 2674 1336.

131 2681 259 2722 Nous
292 2695 479 2722 sommes
511 2682 572 2722 les
605 2682 879 2723 carabiniers.
921 2691 1050 2735 1350.

132 2739 325 2782 Novello
358 2741 445 2781 Tifi
479 2741 652 2782 invitto.
695 2743 822 2793 1138.

132 2798 267 2841 Novo
299 2801 497 2853 peregrin
529 2798 748 2841 d’amore.
786 2810 889 2853 521.

130 2858 233 2900 Nox
264 2865 355 2901 erat
385 2866 427 2901 et
458 2860 569 2901 coelo
600 2860 792 2912 fulgebat
815 2859 916 2900 luna
949 2871 1118 2900 sereno.
1156 2867 1257 2912 524.

130 2917 289 2959 Nudus
319 2932 518 2971 egressus
551 2932 646 2960 sum
678 2920 732 2960 de
763 2924 887 2959 utero
920 2919 1068 2959 matris
1099 2932 1223 2960 meae.
1260 2927 1363 2969 247.

128 2976 262 3017 Nulla
291 2992 316 3018 a
346 2984 467 3019 tanto
499 2979 757 3019 intercessor
789 2979 826 3019 si
856 2978 1003 3031 neghi.
1044 2987 1175 3031 1713.

129 3035 265 3077 Nulla
294 3037 387 3079 dies
417 3039 509 3078 sine
540 3038 669 3079 linea.
705 3046 809 3089 997.
