2014 3386
748 129 896 167 Indice
927 130 1038 168 delle
1056 129 1187 182 frasi
1684 127 1765 168 601

164 297 253 338 Nel
282 310 430 338 mezzo
460 296 530 338 del
560 296 745 336 cammin
775 297 821 336 di
850 302 998 338 nostra
1028 298 1133 339 vita.
1171 306 1272 350 550.

164 357 252 397 Nel
281 357 474 406 militare,
509 356 549 395 i1⁴
571 356 791 409 superiore
821 357 878 397 ha
908 370 1074 410 sempre
1104 358 1292 409 ragione.
1328 357 1431 408 968.

165 416 254 457 Nel
282 417 444 457 mondo
470 417 477 471 Ι
505 417 593 456 Sua
622 420 803 456 ventura
832 416 889 457 ha
919 418 1091 456 ciascun
1122 417 1192 457 dal
1223 417 1268 456 di
1298 417 1376 457 che
1405 429 1548 458 nasce.
1583 424 1687 469 477.

163 477 308 516 Nemo
337 481 403 516 est
433 481 520 516 tam
551 488 681 529 senes
711 476 786 528 qui
818 489 863 516 se
892 490 1051 516 annum
1075 489 1164 516 non
1185 482 1307 529 putet
1326 489 1454 530 posse
1473 477 1636 517 vivere.
1665 476 1766 528 560.

162 536 307 576 Nemo
337 540 479 589 potest
509 535 680 575 duobus
712 535 898 576 dominis
929 537 1104 577 servire.
1144 546 1273 588 1214.

162 595 307 635 Nemo
336 594 548 648 propheta
577 597 774 648 acceptus
806 602 870 636 est
900 596 946 636 in
975 596 1112 650 patria
1143 609 1235 637 sua.
1275 597 1402 646 1089.

162 655 415 707 Νενίκηκας
445 654 670 696 Γαλιλαῐε.
708 665 836 707 1343.

162 714 318 767 Neque
347 713 563 753 imbellem
594 715 755 754 seroces
785 719 1070 768 progenerant
1100 713 1255 767 aquilae
1287 713 1546 754 columbam.
1581 723 1685 766 434.

161 773 317 826 Neque
347 773 526 813 mittatis
557 774 804 825 margaritas
835 780 1000 814 vestras
1030 778 1128 814 ante
1159 786 1330 827 porcos.
1371 775 1500 826 1284.

162 833 318 886 Neque
348 833 524 873 vitiatur
555 833 672 872 utilis
704 847 779 886 per
808 833 918 874 hanc
949 833 1160 889 inutilem.
1200 843 1329 883 1290.

161 892 368 945 Ne-quid
399 893 542 932 nimis.
583 893 713 944 1582.

159 952 300 992 Nervi
329 951 541 992 bellorum
573 953 781 1004 pecuniae.
816 951 919 1004 644.

159 1012 335 1052 Nervus
366 1012 648 1063 gerendarum
679 1025 820 1052 rerum
852 1011 1047 1064 pecunia.
1084 1012 1187 1063 644.

160 1071 339 1111 Nescire
370 1072 476 1124 quid
507 1076 605 1111 ante
635 1085 765 1125 quam
795 1077 921 1111 natus
954 1071 1017 1111 sis·
1044 1070 1255 1120 acciderit,
1290 1069 1336 1110 id
1365 1074 1430 1110 est
1473 1082 1638 1123 semper
1676 1083 1769 1111 esse

220 1143 416 1184 puerum.
457 1139 585 1183 1539.

158 1190 327 1240 Nescis,
366 1190 428 1230 fili
457 1191 533 1241 mi,
566 1203 695 1243 quam
725 1203 858 1244 parva
888 1189 1096 1243 sapientia
1123 1189 1284 1241 regitur
1313 1188 1517 1230 mundus.
1553 1188 1656 1242 588.

160 1250 313 1291 Nescit
342 1263 428 1290 vox
460 1250 590 1289 missa
623 1251 795 1290 reverti.
835 1259 964 1301 1024.

159 1309 231 1349 Ne
261 1309 413 1349 sillaba
443 1309 487 1349 di
519 1309 605 1349 Dio
635 1310 720 1349 mai
751 1311 789 1349 si
818 1309 1019 1349 cancella.
1061 1317 1187 1361 1314

158 1369 361 1409 Nessuna
392 1370 657 1436 professione
687 1383 711 1409 0
742 1371 779 1409 si
810 1368 951 1409 sterile
983 1380 1102 1408 come
1133 1366 1276 1420 quella
1306 1351 1417 1407 delle
1440 1366 1603 1407 lettere.
1636 1366 1765 1418 1480.

158 1428 335 1468 Nessun
366 1429 518 1496 giorno
549 1441 677 1468 senza
708 1428 973 1469 corbelleria.
1008 1435 1112 1477 997.

158 1487 334 1528 Nessun
365 1488 554 1540 maggior
585 1489 734 1528 dolore
761 1488 767 1544 Ι
796 1488 891 1530 Che
928 1486 1154 1527 ricordarsi
1184 1485 1255 1526 del
1283 1490 1429 1539 tempo
1458 1485 1578 1526 felice
1605 1484 1612 1540 Ι
1640 1485 1768 1526 Nella

218 1560 403 1588 miseria.
442 1557 545 1599 239.

156 1606 333 1646 Nessun
364 1607 529 1659 profeta
558 1607 582 1646 ὲ
613 1607 779 1658 gradito
810 1606 923 1647 nella
953 1619 1030 1646 sua
1059 1605 1212 1658 patria.
1253 1606 1381 1655 1089.

158 1665 229 1705 Ne
260 1672 380 1706 sutor
411 1666 522 1706 ultra
550 1667 781 1719 crepidam.
817 1675 920 1718 415.

157 1725 220 1773 Ni
249 1734 316 1766 cet
345 1727 468 1766 exces
500 1722 747 1766 d’honneur
778 1726 823 1765 ni
854 1731 963 1767 cette
994 1724 1219 1777 indignite.
1259 1734 1357 1774 192.

157 1785 297 1836 Niega
327 1785 412 1837 agli
442 1783 586 1826 afflitti
617 1786 718 1826 aita.
759 1795 857 1839 155.

155 1844 294 1896 Nigra
324 1858 420 1884 sum
451 1845 527 1885 sed
556 1845 760 1886 formosa.
801 1856 902 1897 142.

155 1903 281 1944 Nihil
311 1901 487 1944 difficile
517 1905 693 1946 amanti.
732 1907 802 1954 78.

156 1963 281 2002 Nihil
312 1969 391 2012 est,
427 1964 547 2016 quod
578 1964 684 2005 deus
716 1961 883 2004 efficere
915 1975 1003 2003 non
1034 1962 1187 2016 possit.
1227 1970 1357 2012 1319.

157 2022 283 2062 Nihil
313 2023 395 2063 sub
426 2023 516 2063 sole
545 2035 725 2065 novum.
761 2023 863 2075 406.

155 2081 233 2122 Nil
263 2087 404 2122 actum
435 2082 626 2133 credens,
662 2096 795 2137 quum
826 2082 933 2136 quid
964 2084 1205 2135 superesset
1233 2079 1239 2135 Ι
1266 2079 1494 2132 agendum.
1530 2088 1633 2132 313.

155 2140 234 2181 Nil
263 2141 478 2183 admirari.
513 2152 617 2195 405.

154 2200 233 2240 Nil
263 2214 386 2252 agere
417 2201 612 2243 delectat.
648 2211 751 2251 991.

154 2259 233 2300 Nil
263 2260 392 2311 igitur
425 2261 516 2301 fieri
545 2262 599 2302 de
629 2260 766 2300 nihilo
796 2272 924 2313 posse
954 2259 1191 2312 putandum
1223 2262 1303 2299 est.
1341 2267 1443 2309 301.

155 2319 233 2359 Nil
263 2325 418 2372 praeter
448 2333 606 2361 nomen
637 2319 820 2360 tumulo.
860 2330 958 2370 190.

155 2378 231 2419 Nil
265 2379 356 2419 sine
388 2392 543 2431 magno
570 2378 577 2434 Ι
605 2380 707 2419 Vita
736 2379 884 2419 labore
914 2378 1034 2419 dedit
1064 2376 1332 2418 mortalibus.
1368 2384 1471 2428 995.

155 2438 232 2478 Nil
263 2439 345 2479 sub
376 2439 466 2479 sole
496 2439 617 2480 novi.
651 2438 755 2491 406.

154 2498 301 2538 Niobe
332 2497 382 2538 of
405 2498 593 2540 nations.
629 2499 733 2548 918.

153 2557 295 2609 Νιψον
328 2569 591 2611 ανομηματα
622 2569 682 2610 μη
715 2568 850 2608 μοναν
879 2556 995 2609 οψιν.
1029 2565 1133 2606 990.

154 2617 347 2657 Nitimur
376 2617 422 2657 111
454 2617 632 2657 νο11111111
665 2628 845 2669 semper,
883 2615 1164 2668 cupimusque
1194 2617 1362 2665 negata.
1399 2623 1472 2665 32.

153 2675 216 2717 Ni
245 2688 303 2716 un
334 2688 470 2728 pouce
509 2676 562 2716 de
599 2680 722 2717 notre
761 2675 987 2725 territoire,
1031 2675 1077 2714 ni
1114 2686 1198 2714 une
1240 2674 1377 2727 pierre
1414 2673 1468 2713 de
1510 2685 1590 2713 nos
1632 2672 1758 2713 sorte-

211 2747 365 2776 resses.
402 2735 504 2775 661.

153 2794 328 2835 Nobilis
359 2800 424 2835 est
455 2799 550 2834 ruta
580 2794 683 2846 quia
712 2793 874 2834 lumina
905 2793 1046 2834 reddit
1076 2797 1214 2833 acuta.
1254 2802 1382 2844 1390.

152 2853 369 2894 Noblesse
400 2854 559 2905 oblige.
600 2853 729 2904 1269.

152 2912 283 2954 Noch
314 2913 370 2954 ist
401 2914 538 2954 Polen
568 2912 686 2953 nicht
720 2912 930 2952 verloren.
965 2919 1070 2964 451.

152 2971 294 3013 Nocte
324 2972 435 3025 pluit
466 2969 572 3022 tota,
606 2971 786 3012 redeunt
816 2971 1054 3024 spectacula
1085 2982 1224 3011 mane.
1260 2969 1361 3022 506.

151 3031 242 3072 Noi
273 3031 369 3072 altri
398 3032 571 3073 Italiani
601 3028 966 3072 c’innamoriamo
997 3030 1043 3070 in
1072 3029 1231 3071 chiesa.
1266 3029 1340 3079 96.
