2014 3386
286 108 337 150 14
893 98 976 138 Chz'
1002 99 1034 138 ι’
1047 99 1106 141 ha
1137 101 1251 140 detto
1265 100 1286 140 ,ἒ
1707 102 1754 160 [4
1763 77 1887 160 7-45]

277 279 397 329 detti,
435 279 517 320 cita
547 279 681 320 anche
711 279 751 320 le
781 281 927 334 parole
959 281 1036 322 che
1064 281 1111 322 in
1140 281 1290 323 lettere
1320 282 1451 324 assire
1476 295 1605 324 erano
1633 283 1812 338 scolpite
1833 285 1888 326 ad

275 354 499 404 Anchiale,
537 355 637 395 citta
668 356 712 395 di
743 355 906 406 Cilicia,
942 356 1050 396 sulla
1081 358 1227 398 tomba
1259 357 1328 398 del
1359 371 1419 408 re,
1454 363 1568 399 sotto
1599 359 1640 398 la
1672 363 1812 400 statua
1842 360 1888 400 di

274 429 352 479 lui,
388 428 571 480 figurato
601 429 647 469 in
677 435 767 470 atto
799 431 843 470 di
874 431 1156 484 scoppiettare
1186 431 1225 471 le
1247 431 1335 472 dita
1356 431 1467 484 della
1488 445 1614 473 mano
1637 433 1793 474 destra.
1819 434 1888 474 Ivi

272 503 315 543 lo
348 504 622 545 sconcissimo
647 518 691 545 re
713 505 886 558 parlava
910 507 1020 546 cosi:
1057 523 1076 543 «
1096 507 1286 558 Mangia,
1311 507 1427 557 bevi,
1455 507 1543 547 vivi
1567 507 1880 560 allegramente‚

274 578 427 630 perche
457 583 568 619 tutto
593 579 623 618 il
644 584 758 620 resto
779 593 868 620 non
891 580 983 620 vale
1007 586 1160 634 questo
1183 581 1440 634 scoppiettar
1466 581 1574 622 delle
1598 583 1700 624 dita.
1722 599 1741 620 »
1771 583 1886 624 Vedi

275 652 409 692 anche
440 653 633 704 Clearco,
667 654 711 693 in
745 657 930 705 Ateneo,
964 656 1072 706 XII,
1113 665 1184 706 39.

334 728 397 767 Lo
430 733 567 768 stesso
599 729 806 781 consiglio
838 730 882 770 di
914 731 1205 784 Sardanapalo
1237 732 1273 771 si
1305 737 1441 778 trova,
1477 734 1686 786 parrebbe
1717 733 1886 786 perfino

271 802 538 854 impossibile
570 816 614 842 se
643 816 733 843 non
765 804 801 843 si
832 805 1067 845 avvertisse
1098 805 1175 846 che
1206 807 1229 846 ὲ
1260 806 1421 846 riserito
1452 819 1527 859 per
1559 807 1791 860 dispregio,
1815 807 1886 848 nel

274 867 430 917 Nz'covo
473 877 513 916 T
508 882 758 929 estamento,
793 879 905 918 dove
937 879 959 918 ὲ
992 879 1135 919 detto:

276 1018 363 1070 47.
406 1004 828 1057 Manducemus
853 1013 909 1058 et
929 1006 1211 1069 bibamUS,
1236 1024 1359 1059 cras
1380 1007 1534 1059 enim
1556 1009 1879 1062 moriemur.

907 1109 958 1150 (s,
978 1090 1136 1150 PAoLo',
1153 1110 1277 1153 Epist.
1297 1111 1321 1143 J
1334 1111 1386 1143 ad
1401 1111 1582 1152 Corinth„
1600 1122 1630 1145 c.
1651 1111 1702 1152 15,
1718 1123 1752 1145 v.
1770 1112 1838 1152 32).

334 1225 385 1268 L’
401 1229 510 1270 altro
543 1234 696 1282 motto,
729 1231 842 1271 sorse
873 1230 1009 1271 anche
1039 1231 1114 1284 piu
1145 1231 1411 1282 conosciuto,

276 1359 362 1421 48.
442 1355 589 1407 Wer
628 1356 790 1407 nicht
827 1356 970 1408 liebt
1008 1356 1202 1419 Wein,
1246 1356 1423 1408 Weib
1463 1358 1583 1409 und
1625 1356 1860 1429 Gesang

442 1445 564 1497 Der
601 1445 783 1498 bleibt
824 1446 916 1497 ein
956 1446 1106 1497 Narr
1145 1445 1266 1497 sein
1306 1446 1622 1515 Lebelang.

272 1597 294 1635 ὲ
326 1595 548 1635 attribuito
580 1609 603 1635 a
635 1597 848 1645 LUTERO,
884 1609 951 1634 ma
983 1595 1057 1648 piu
1089 1594 1429 1648 probabilmente
1461 1596 1483 1634 ὲ
1516 1595 1559 1633 (11
1583 1596 1627 1648 J.
1652 1595 1714 1636 H.
1741 1595 1882 1645 Voss,

272 1671 458 1710 secondo
483 1670 560 1710 che
586 1670 677 1710 dice
699 1670 886 1710 Redlich
909 1671 952 1709 in
977 1671 1063 1710 Dz'e
1074 1671 1322 1722 poetz‘schen
1348 1670 1551 1723 Bez'trdge
1574 1684 1671 1709 zum
1701 1670 1885 1710 Wands-

272 1747 418 1785 becker
448 1747 616 1785 Boffzen
650 1746 906 1796 (Hamburg,
950 1747 1090 1797 1871),
1131 1759 1227 1798 pag.
1265 1754 1336 1799 57.

330 1821 442 1860 Esso
476 1820 533 1859 mi
563 1821 604 1860 sa
636 1826 805 1860 tornare
837 1820 919 1860 alla
950 1821 1170 1871 memoria,
1195 1835 1220 1860 a
1241 1821 1417 1872 cagione
1439 1821 1508 1860 del
1532 1824 1658 1860 canto
1681 1819 1757 1860 che
1782 1821 1804 1860 ὲ
1828 1819 1885 1859 ri-

271 1895 447 1934 cordato
481 1895 526 1934 in
567 1894 651 1934 fine
691 1894 760 1933 del
798 1895 935 1947 primo
968 1907 1111 1944 verso,
1146 1907 1206 1934 un
1237 1894 1345 1934 altro
1378 1895 1513 1944 detto,
1547 1894 1626 1934 che
1656 1895 1742 1946 puo
1775 1906 1884 1933 sem-

270 1969 392 2008 brare
415 1982 438 2008 a
462 1968 598 2020 prima
620 1968 730 2007 vista
751 1967 861 2007 assai
882 1967 1077 2007 difforme
1099 1968 1153 2007 da
1174 1968 1305 2020 quelli
1330 1968 1466 2008 finora
1483 1968 1698 2018 ricordati,
1721 1967 1884 2008 mache

270 2056 346 2096 per
384 2043 453 2083 chi
485 2043 746 2083 sottilmente
778 2044 951 2095 guarda,
989 2043 1044 2083 ha
1076 2057 1156 2083 con
1188 2044 1272 2084 essi
1303 2045 1435 2084 molta
1475 2045 1548 2098 piu
1580 2044 1775 2096 analogia
1805 2043 1883 2084 che

269 2131 359 2158 non
391 2119 427 2158 si
458 2119 649 2158 direbbe.
685 2118 784 2170 Egli
815 2119 837 2158 ὲ
870 2131 928 2157 un
960 2118 1096 2168 detto,
1131 2118 1208 2158 che
1241 2119 1277 2158 si
1307 2119 1492 2159 riserisce
1524 2119 1563 2159 ai
1594 2119 1799 2160 francesi:

278 2255 366 2303 49.
448 2237 526 2288 Ils
565 2237 855 2295 chantent,
898 2237 966 2288 ils
1004 2245 1301 2304 payeron‘a

271 2397 326 2436 ed
357 2398 379 2436 ὲ
410 2396 631 2436 attribuito
663 2396 703 2435 al
725 2396 937 2436 cardinale
961 2397 1249 2444 MAZAR1N0;
1278 2397 1331 2436 ed
1354 2397 1493 2436 infatti
1518 2397 1627 2437 nelle
1651 2397 1883 2438 Nouvelles

269 2473 437 2511 Lettres
469 2474 519 2511 de
550 2473 594 2511 la
628 2473 844 2511 Duchesse
865 2472 1105 2512 d’Orle'ans
1127 2473 1277 2524 (1853,
1303 2486 1400 2525 pag.
1428 2475 1527 2525 249)
1551 2474 1586 2513 si
1608 2473 1750 2525 legge:
1784 2490 1803 2511 α
1821 2474 1882 2513 Le

270 2546 470 2586 Cardinal
502 2546 696 2585 Mazarin
728 2546 883 2586 disoit:
921 2547 982 2585 La
1012 2546 1160 2585 nation
1192 2546 1401 2600 francoise
1433 2551 1497 2587 est
1518 2547 1559 2586 la
1582 2547 1678 2599 plus
1700 2547 1801 2587 folle
1823 2547 1881 2587 du

271 2619 447 2659 monde:
468 2619 519 2675 ils
543 2620 675 2658 crient
699 2624 740 2658 et
762 2605 963 2659 cliantent
985 2624 1130 2659 contre
1153 2619 1255 2668 moi,
1276 2625 1316 2659 et
1342 2633 1408 2659 me
1432 2620 1607 2660 laissent
1628 2620 1751 2668 saire;
1774 2620 1875 2670 moi,

266 2694 309 2747 je
341 2693 402 2733 les
434 2694 560 2734 laisse
591 2693 695 2734 crier
727 2698 769 2733 et
801 2693 991 2751 chanter,
1025 2698 1067 2733 et
1094 2693 1138 2746 je
1169 2693 1245 2733 sais
1279 2706 1324 2733 ce
1356 2706 1438 2746 que
1466 2694 1510 2747 je
1541 2707 1670 2734 veux.
1692 2710 1710 2731 »

273 2912 347 2955 47.
383 2903 630 2955 Mangiamo
663 2916 685 2943 e
717 2904 928 2954 beviamo‚
966 2904 1043 2944 che
1073 2903 1246 2944 domani
1280 2905 1399 2943 verra
1429 2903 1470 2943 la
1501 2908 1652 2944 morte.

272 2973 346 3024 48.
383 2971 465 3011 Chi
503 2983 592 3011 non
630 2984 725 3010 ama
763 2971 793 3010 il
831 2972 950 3022 vino,
984 2971 1024 3011 la
1061 2972 1205 3012 donna
1240 2983 1263 3011 e
1293 2971 1324 3010 il
1355 2975 1497 3021 canto,
1532 2973 1624 3011 sara
1654 2984 1714 3011 un
1745 2984 1878 3025 pazzo

451 3050 527 3090 per
558 3042 668 3078 tutta
698 3038 738 3078 la
770 3038 872 3079 vita.
