2014 3386
324 111 348 159 3
359 115 410 160 14
935 103 1020 148 Chi
1046 103 1081 147 Z’
1093 87 1153 147 ἦα
1183 105 1298 147 detto
1311 108 1333 148 ?
1638 103 1793 163 [1089-
1803 85 1938 164 1092]

321 282 602 322 Nondimeno
624 281 806 321 avviene
827 280 905 321 che
925 277 956 320 l'
973 281 1090 321 esule
1112 280 1190 320 che
1211 281 1337 320 trove>
1360 283 1474 320 sotto
1496 279 1605 319 altro
1625 278 1732 319 cielo
1753 278 1794 318 la
1814 291 1934 332 pace,

321 369 345 396 e
377 356 418 397 la
446 357 617 397 fortuna
647 356 726 396 che
757 356 798 396 la
828 356 965 409 patria
996 355 1207 406 matrigna
1230 354 1288 406 gli
1309 359 1499 405 contese,
1525 366 1614 394 non
1635 353 1872 406 rimpianga
1893 353 1937 393 di

320 444 422 470 aver
453 435 618 470 cercato
651 435 760 470 terra
792 429 867 483 piu
899 429 1099 481 benigna.
1134 431 1312 482 Troppo
1345 441 1493 482 spesso
1525 428 1562 468 si
1582 427 1756 468 verifica
1778 427 1820 468 la
1842 441 1937 469 sen-

321 510 445 546 tenza
477 505 546 545 del
576 505 776 556 Vangelo
809 505 915 546 che:
1590 508 1593 511 ’

331 590 486 652 1089.
529 587 716 638 Nemo
742 586 1025 654 propheta
1050 592 1320 652 acceptus
1344 593 1430 636 est
1456 585 1514 636 in
1542 586 1729 652 patria
1759 602 1877 636 sua.

873 666 1038 709 (Evang.
1061 666 1104 698 di
1125 667 1161 698 S.
1190 666 1311 707 Luca,
1334 676 1418 707 cap.
1442 665 1512 705 1V,
1538 678 1572 697 v.
1597 666 1660 706 24;
1682 683 1705 690 -
1729 665 1766 697 S.
1786 665 1891 697 Mat·

918 714 991 750 teo,
1025 721 1108 753 cap.
1140 711 1248 750 XIII,
1280 721 1316 742 v.
1343 711 1379 750 73
1403 728 1425 733 -
1450 710 1487 742 S.
1515 710 1668 750 Marco,
1704 720 1787 751 cap.
1819 708 1892 749 VI,

913 767 949 789 v.
973 756 1036 797 243
1059 774 1082 781 -
1106 756 1144 788 S.
1171 755 1372 795 Giovanni,
1397 764 1481 797 cap.
1505 754 1576 795 1V,
1600 765 1704 788 vers.
1729 755 1795 795 44).

320 847 343 874 e
375 833 445 873 del
476 838 591 873 resto
623 834 645 873 ὲ
678 832 813 873 anche
846 845 949 873 vero
981 832 1086 873 che:

329 933 346 966 1
359 933 483 981 090.
510 914 699 967 Omne
720 916 905 966 solum
923 914 1055 966 forti
1074 914 1261 981 patria
1278 922 1362 966 est
1374 922 1439 966 ut
1451 914 1704 982 piscibus
1720 930 1933 981 aequor.

1227 994 1417 1034 (Ovrmo,
1440 994 1567 1037 Fasti,
1590 993 1657 1028 lib.
1685 995 1714 1034 1,
1739 1005 1776 1027 v.
1801 993 1891 1034 493).

320 1085 360 1122 o,
387 1084 507 1112 come
528 1072 621 1112 dice
642 1073 863 1111 PACUVIO
896 1083 1044 1124 presso
1077 1071 1324 1111 CICERONE
1348 1069 1411 1124 (T
1403 1071 1544 1112 uscul.
1559 1071 1773 1123 ·Dz‘sput.‚
1795 1079 1834 1124 5,
1860 1077 1930 1121 37,

325 1146 444 1198 108):
471 1163 489 1184 «
506 1148 661 1199 Itaque
684 1147 739 1186 ad
761 1159 933 1187 omnem
957 1146 1168 1186 rationem
1186 1145 1342 1186 Teucri
1363 1158 1449 1185 vox
1474 1144 1743 1185 accomodari
1767 1148 1931 1196 potest:

318 1223 478 1261 Patria
495 1227 556 1261 est
572 1223 830 1273 ubicumque
851 1226 914 1261 est
929 1222 1045 1271 bene,
1066 1237 1085 1257 2
1111 1234 1133 1260 e
1151 1221 1343 1260 SENECA
1362 1220 1447 1272 (De
1465 1220 1626 1259 remed.
1644 1219 1782 1271 fort„
1803 1217 1847 1268 8,
1871 1218 1931 1270 1):

318 1295 460 1336 Nulla
486 1302 609 1335 terra
631 1296 813 1334 exilium
827 1302 902 1345 est,
925 1297 1003 1335 sed
1021 1295 1165 1334 altera
1177 1295 1351 1346 patria,
1377 1306 1399 1333 e
1415 1293 1491 1346 piu
1508 1293 1618 1333 oltre
1635 1293 1777 1342 (z’bz‘d.,
1799 1290 1840 1341 8,
1866 1292 1932 1344 2):

318 1371 480 1410 Patria
511 1375 587 1419 est,
625 1371 885 1422 ubicumque
917 1371 1018 1409 bene
1047 1375 1126 1410 est.

379 1446 418 1484 E
439 1445 513 1498 poi
535 1445 581 1483 in
605 1451 758 1497 questo
784 1444 926 1484 secolo
949 1442 1206 1484 umanitario
1229 1442 1274 1481 in
1295 1441 1364 1482 cui
1387 1441 1401 1480 i
1423 1440 1567 1480 Latini
1587 1451 1769 1481 corrono
1785 1439 1841 1479 ad
1864 1439 1937 1478 ab·

318 1520 544 1559 bracczare
574 1519 612 1558 z'l
647 1518 854 1568 Tartaro,
889 1532 1009 1559 come
1031 1518 1184 1558 scrisse
1204 1517 1235 1557 il
1260 1516 1420 1566 Giusti,
1444 1515 1474 1555 il
1499 1519 1624 1555 santo
1646 1525 1774 1554 nome
1795 1512 1839 1552 di
1862 1525 1936 1566 pa-

319 1594 398 1634 tria
429 1607 503 1646 per
535 1593 659 1633 molti
689 1607 779 1633 non
800 1594 856 1632 ha
877 1594 952 1646 piu
974 1606 1115 1643 senso,
1146 1592 1395 1646 spariscono
1418 1590 1457 1630 le
1481 1589 1701 1639 frontiere,
1726 1600 1847 1628 come
1868 1586 1936 1638 gia

319 1668 403 1708 due
435 1668 568 1708 secoli
598 1668 639 1707 sa
671 1667 708 1707 si
739 1668 853 1708 disse
885 1656 987 1707 che:

327 1767 481 1816 1091.
526 1750 575 1800 Il
615 1750 715 1818 n'y
755 1768 788 1801 a
826 1751 956 1817 plus
995 1750 1067 1800 de
1108 1744 1410 1817 PyreneeS.

317 1856 572 1896 VOLTAIRE
593 1855 663 1895 nel
682 1856 819 1895 Sz'ecle
835 1857 886 1894 de
901 1856 1036 1894 Louz's
1052 1855 1128 1894 XI
1134 1855 1175 1894 V
1181 1854 1321 1907 (chap.
1347 1852 1572 1903 XXVIII)
1589 1854 1719 1890 mette
1739 1849 1784 1889 in
1806 1853 1934 1889 conto

318 1930 388 1969 del
403 1943 481 1970 suo
499 1943 604 1981 gran
621 1943 665 1970 re
686 1935 837 1983 queste
858 1930 1013 1969 celebri
1038 1928 1201 1982 parole,
1221 1928 1298 1968 che
1315 1927 1398 1979 egli
1421 1927 1609 1966 avrebbe
1631 1925 1745 1964 dette
1766 1923 1805 1963 al
1827 1923 1936 1963 duca

317 2000 533 2057 d'Anj0u‚
560 2005 734 2056 quando
756 2004 897 2057 questi
918 2004 1085 2057 partiva
1106 2003 1176 2043 nel
1206 2011 1317 2053 1700
1349 2015 1424 2055 per
1455 2001 1613 2041 andare
1641 2013 1666 2039 a
1696 1998 1863 2050 cingere
1894 1998 1935 2037 la

317 2091 476 2118 corona
498 2078 543 2117 di
566 2079 759 2131 spagna:
789 2092 858 2118 ma
881 2078 1029 2118 invece
1051 2078 1092 2117 la
1112 2078 1222 2117 srase
1254 2077 1299 2116 su
1324 2076 1441 2115 detta
1471 2089 1496 2115 a
1527 2073 1654 2126 Luigi
1683 2073 1815 2123 XIV,
1839 2085 1862 2112 e
1889 2071 1935 2111 in

315 2154 453 2193 forma
475 2166 603 2193 meno
625 2153 791 2205 poetica
813 2154 907 2204 (Les
930 2154 1144 2206 Pyrebzeks
1167 2156 1267 2191 sont
1279 2152 1491 2205 fondues)
1509 2145 1610 2189 dall’
1627 2147 1934 2188 ambasciatore

317 2229 360 2268 di
386 2229 558 2280 Spagna
573 2229 794 2281 (sournal
813 2230 874 2267 du
890 2229 1096 2281 Marquz's
1118 2229 1169 2266 de
1189 2227 1453 2275 DANGEAU,
1478 2230 1539 2265 to.
1567 2224 1673 2274 VII,
1692 2235 1790 2276 pag.
1811 2222 1930 2274 419).

376 2302 562 2352 Chiudo,
600 2315 720 2342 come
752 2303 782 2342 il
813 2302 959 2352 solito,
995 2301 1292 2353 raccogliendo
1324 2301 1369 2340 in
1402 2299 1487 2339 fine
1519 2298 1589 2338 del
1621 2296 1843 2350 paragrafo
1874 2307 1934 2335 un

316 2383 527 2418 mazzetto
558 2378 603 2417 di
631 2379 802 2417 versz'nz'
829 2377 1029 2430 spigolati
1061 2377 1173 2417 dalle
1203 2382 1350 2418 nostre
1382 2388 1510 2429 opere
1532 2373 1698 2415 teatrali
1721 2373 1797 2427 piu
1818 2372 1934 2412 rino·

316 2458 428 2493 mate
459 2466 482 2493 e
513 2453 587 2506 piu
619 2453 830 2505 popolari.

325 2551 480 2600 1092.
615 2533 694 2584 Vi
733 2533 977 2596 ravviso,
1021 2551 1054 2585 0
1094 2533 1296 2601 luoghi
1337 2531 1541 2593 ameni,

691 2616 759 2666 In
801 2616 892 2667 cui
932 2616 1068 2678 lieti,
1110 2615 1170 2666 in
1211 2615 1302 2666 cui
1343 2614 1526 2665 sereni

693 2694 756 2748 Si
796 2698 1107 2765 tranquillo
1148 2697 1166 2747 i
1207 2693 1265 2747 di
1305 2695 1491 2764 passai

691 2780 862 2830 Della
900 2779 1087 2845 prima
1126 2774 1423 2847 gioventu.

770 2859 899 2912 Cari
939 2860 1159 2928 luoghi‚
1201 2861 1256 2910 io
1295 2859 1353 2910 vi
1393 2858 1597 2919 trovai‚

765 2943 867 2994 Ma
907 2943 1040 3010 quei
1080 2938 1138 2992 di
1179 2958 1295 2992 non
1335 2947 1500 2991 trovo
1540 2936 1656 3007 piu.

322 3061 450 3111 1089.
489 3062 663 3101 Nessun
694 3062 859 3114 profeta
890 3062 912 3100 ὲ
944 3061 1112 3113 gradito
1143 3060 1257 3100 nella
1288 3073 1365 3100 sua
1397 3060 1548 3112 patria.

322 3138 450 3179 1090.
487 3129 600 3180 Ogni
621 3141 748 3181 paese
769 3130 791 3168 e
813 3128 949 3181 patria
970 3141 1046 3181 per
1066 3128 1098 3167 il
1117 3128 1241 3178 sorte,
1271 3139 1391 3168 come
1412 3126 1443 3166 il
1466 3138 1582 3166 mare
1602 3138 1678 3179 per
1698 3125 1711 3164 i
1735 3124 1866 3178 pesci.
