2014 3386
13 124 18 165 Ῐ
47 112 50 114 ¹
93 137 333 195 [638-640]
570 138 866 183 Gratitudz‘ne,
903 138 1228 191 ingratitudine
1618 139 1696 191 185

92 323 118 351 e
146 309 418 350 condannato
446 323 471 349 a
494 321 623 360 grave
642 308 793 359 multa,
821 308 1004 348 ritirossi
1023 308 1070 347 in
1091 307 1335 348 volontario
1356 320 1379 348 e
1401 307 1588 348 ostinato
1620 307 1702 348 esi-

93 383 153 425 lio
171 397 198 424 a
215 383 443 431 Linterno;
479 399 498 420 e:
515 383 693 435 eiusque
724 382 959 423 voluntarii
990 382 1104 422 exilii
1137 382 1411 422 acerbitatem
1432 394 1523 422 non
1547 382 1700 421 tacitus

92 458 147 498 ad
175 458 334 498 inferos
365 458 477 507 tulit,
514 457 741 509 sepulchro
773 469 852 497 suo
883 457 1061 496 inscribi
1090 456 1297 506 iubendo,
1323 458 1503 509 ingrata
1525 457 1700 507 patria,

92 547 146 572 ne
174 545 271 571 ossa
290 533 463 583 quidem
486 545 582 570 mea
601 533 744 572 habes.
771 531 888 583 Quid
910 531 993 570 ista
1014 534 1087 571 aut
1107 530 1359 571 necessitate
1387 530 1605 581 indignius
1629 534 1703 570 aut

92 606 281 658 querella
308 606 464 645 iustius
495 611 569 645 aut
599 606 764 645 ultione
795 605 1087 646 moderatius?
1121 605 1282 644 cineres
1313 604 1354 644 ei
1377 617 1478 644 suos
1510 604 1698 656 negavit,

93 693 223 732 quam
240 679 286 719 in
305 679 491 720 cinerem
511 679 682 719 conlabi
705 692 857 732 passus
881 691 971 718 non
994 679 1146 719 suerat.
1171 679 1309 730 Igitur
1329 678 1440 718 hanc
1462 691 1591 718 unam
1614 678 1706 718 Sci-

92 753 234 806 pionis
263 752 498 792 vindictam
527 753 684 804 ingrati
713 753 844 792 animi
874 753 979 792 urbs
1011 753 1214 792 Romana
1237 752 1383 801 sensit,
1411 752 1613 792 maiorem
1635 764 1703 792 me

91 826 264 867 hercule
294 827 513 867 Coriolani
544 827 770 868 violentia:
806 826 877 866 ille
908 827 1022 866 enim
1054 827 1235 879 patriam
1267 831 1383 867 metu
1404 827 1607 879 pulsavit,
1635 826 1706 866 hic

92 901 364 941 verecundia.
388 901 456 941 De
476 914 562 953 qua
582 913 628 940 re
646 913 701 940 ne
725 901 846 952 queri
869 901 1043 953 quidem
1065 923 1090 930 —
1111 892 1229 940 tanta
1254 913 1366 940 verae
1398 900 1570 953 pietatis
1601 913 1702 940 con-

93 975 250 1015 stantia
268 998 300 1005 —
318 975 403 1015 nisi
433 980 534 1028 post
562 976 648 1015 sata
679 975 899 1016 sustinuit.
924 991 943 1012 »

150 1050 225 1089 Ho
255 1050 324 1101 gia
353 1049 518 1102 parlato
536 1050 580 1088 di
601 1049 810 1089 Belisario
833 1049 911 1089 che
931 1049 972 1089 la
994 1049 1201 1101 leggenda
1222 1050 1336 1090 disse
1360 1049 1520 1089 ridotto
1544 1062 1569 1088 a
1590 1048 1704 1088 chie-

93 1124 169 1164 der
197 1137 258 1164 un
280 1124 412 1164 obolo
431 1124 472 1164 ai
491 1124 704 1177 passanti:
733 1125 827 1164 diro
848 1124 998 1164 invece
1022 1125 1092 1164 del
1115 1124 1226 1175 doge
1247 1125 1487 1164 Francesco
1508 1123 1700 1173 Foscari,

93 1197 139 1236 di
162 1197 232 1236 cui
260 1209 351 1237 non
382 1197 419 1237 si
448 1209 694 1237 conoscono
725 1196 765 1237 le
795 1198 958 1250 precise
981 1194 1128 1250 parole
1153 1198 1268 1237 dette
1292 1197 1332 1236 ai
1353 1197 1533 1237 terribili
1555 1197 1704 1249 Inqui-

93 1271 229 1320 sitori,
262 1285 332 1311 ma
362 1271 441 1311 che
468 1272 582 1311 forse
612 1284 703 1311 non
733 1284 917 1311 saranno
949 1276 1058 1312 state
1080 1271 1216 1312 molto
1238 1271 1407 1311 diverse
1429 1272 1475 1311 in
1495 1271 1628 1311 fondo
1650 1271 1704 1311 da

94 1346 234 1399 quelle
266 1345 344 1385 che
374 1346 433 1397 gli
462 1358 567 1398 pose
587 1346 632 1385 in
653 1347 785 1386 bocca
805 1346 836 1385 il
866 1346 994 1386 solito
1014 1346 1244 1386 librettista
1265 1346 1449 1386 savorito
1474 1345 1519 1385 di
1539 1346 1700 1388 Verdi:

106 1453 230 1515 638.
289 1448 507 1516 Questa
545 1447 576 1500 ὲ
616 1450 850 1516 dunque
888 1450 945 1500 la
983 1449 1181 1517 iniqua
1222 1450 1484 1501 mercede

354 1537 475 1590 Che
512 1540 764 1590 serbaste
803 1540 858 1589 al
898 1545 1108 1589 canuto
1149 1539 1475 1607 guerriero?

714 1625 754 1665 (I
774 1626 843 1657 due
867 1624 1045 1666 Foscari,
1070 1624 1253 1668 tragedia
1287 1624 1397 1657 lirica
1430 1624 1468 1657 di
1493 1624 1657 1657 FRANc.

758 1677 811 1709 M.
837 1677 988 1717 P1Avss,
1013 1687 1110 1709 mus.
1137 1676 1174 1709 di
1197 1676 1335 1717 Verdi,
1360 1687 1392 1710 a.
1418 1678 1487 1717 111,
1512 1687 1564 1709 sc.
1589 1677 1633 1715 9).

149 1776 365 1816 Parlando
396 1773 440 1816 d’
455 1776 760 1828 ingratitudine
791 1776 828 1815 si
859 1777 946 1828 puo
978 1775 1112 1815 anche
1133 1775 1347 1816 ricordare
1370 1775 1411 1815 la
1434 1775 1544 1814 srase
1565 1786 1702 1827 popo-

95 1851 326 1892 latissima:

100 1951 223 2014 639.
264 1947 314 1998 Il
353 1965 387 1998 a
424 1944 701 2008 travaille‚
742 1947 782 1997 il
822 1963 856 1997 a
892 1943 1154 1997 travaille
1193 1963 1339 2012 pour
1375 1947 1429 1997 le
1467 1945 1551 1996 roi

993 2036 1083 2086 De
1124 2035 1344 2087 Prusse.

94 2162 315 2203 ritornello
344 2162 389 2202 di
418 2175 504 2202 una
534 2174 721 2202 canzone
753 2161 831 2201 che
863 2161 900 2201 si
932 2166 1111 2202 cantava
1142 2175 1166 2201 a
1197 2162 1341 2213 Parigi
1372 2166 1523 2202 contro
1554 2161 1585 2201 il
1605 2162 1702 2201 Ma-

93 2236 285 2277 resciano
314 2236 512 2285 Soubise‚
550 2235 752 2276 sconfitto
794 2250 819 2275 a
850 2235 1082 2275 Rossbach
1120 2235 1174 2275 da
1212 2235 1424 2286 Federigo
1461 2235 1493 2274 il
1531 2235 1703 2275 Grande

93 2310 165 2351 nel
189 2319 318 2363 1757.
345 2310 404 2349 Di
424 2310 498 2363 qui
519 2310 559 2349 la
579 2310 690 2350 srase
718 2309 758 2348 Τ
752 2310 963 2349 ravaz'ller
976 2315 1097 2361 pour
1119 2310 1158 2347 le
1178 2311 1268 2349 Roz'
1294 2311 1345 2348 de
1367 2310 1527 2348 Prusse
1548 2308 1624 2349 che
1647 2309 1703 2348 si-

96 2385 307 2438 gnificava
334 2386 528 2425 lavorare
550 2398 624 2438 per
645 2385 806 2434 niente,
830 2398 853 2424 e
873 2384 1025 2437 quindi
1045 2384 1179 2424 anche
1201 2384 1427 2423 affaticarsi
1458 2396 1533 2436 per
1557 2395 1617 2423 un
1637 2383 1702 2422 in-

94 2451 230 2512 grato·

155 2532 262 2572 Diro
293 2532 362 2572 dei
393 2531 524 2571 dauni
555 2531 634 2572 che
665 2544 763 2572 seco
794 2544 889 2571 reca
919 2527 949 2570 l’
964 2530 1284 2583 ingratitudine,
1322 2530 1604 2581 disgustando
1631 2529 1703 2570 dal

97 2604 423 2656 giovare.altrui
453 2605 600 2644 coloro
632 2604 709 2644 che
738 2617 792 2644 ne
824 2617 932 2644 sono
963 2605 1052 2644 cosi
1083 2603 1191 2643 male
1222 2603 1487 2654 rimunerati,
1513 2602 1701 2643 secondo

97 2678 139 2719 la
166 2684 368 2719 sentenza
398 2679 443 2718 di
475 2680 701 2719 PUBLILIO
733 2679 869 2719 SIRo:

106 2783 228 2845 640.
268 2781 540 2850 Ingratus
578 2798 726 2833 unus
764 2781 1032 2833 omnibus
1071 2781 1291 2833 miseris
1329 2788 1515 2834 nocet.

949 2869 1151 2910 (Sentenze,
1178 2879 1280 2901 num.
1306 2869 1348 2900 43
1374 2867 1655 2902 dell’edizione

996 2920 1041 2953 E.
1068 2919 1285 2961 Woelfflin,
1311 2920 1481 2964 Leipzig
1510 2920 1617 2961 1869).

99 3037 203 3090 640.
233 3039 307 3078 Un
339 3039 433 3081 solo
461 3040 629 3092 ingrato
659 3053 796 3081 nuoce
828 3054 851 3080 a
883 3041 983 3081 tutti
1014 3037 1261 3093 gl’inselici.
