2014 3386
758 105 936 144 Guerra
966 118 988 143 e
1008 110 1121 156 pace
1464 75 1466 78 >
1652 104 1732 156 189

126 289 212 318 eon
229 276 270 317 le
289 275 408 330 quali
427 277 468 316 10
487 276 625 316 madri
646 280 845 329 spartane
867 264 1118 316 salutavano
1139 276 1154 315 i
1177 276 1267 328 figli
1287 277 1473 329 partenti
1491 277 1537 316 in
1566 290 1734 329 guerra,

127 351 430 403 eonsegnando
460 350 555 390 loro
585 350 630 390 10
660 351 811 401 scudo,
846 363 966 391 come
996 364 1121 391 narra
1144 352 1403 392 PLUTARco
1426 351 1498 392 nei
1520 353 1738 391 Lacaena·

127 437 230 465 rum
260 425 639 478 Apophthegmata
670 426 838 477 (XV1):
871 425 1008 464 «Alia
1038 439 1134 465 cum
1180 425 1270 465 filio
1310 426 1508 479 clypeum
1550 427 1736 467 traderet

127 511 313 551 eumque
341 499 398 538 ad
426 512 517 539 rem
549 499 659 539 bene
689 499 917 551 gerendam
948 499 1111 540 hortari
1143 495 1295 540 vellet:
1331 500 1430 550 Fili,
1466 501 1621 553 inquit,
1657 505 1736 540 aut

126 572 259 623 hunc,
292 578 371 612 aut
399 579 530 625 super
558 574 637 613 hoc
668 574 712 627 (ἢ
744 574 835 625 τὰν,
868 574 897 627 ἢ
924 575 992 614 ἐπὶ
1022 578 1117 624 τᾶς,
1140 574 1276 614 forma
1298 563 1473 626 dorica).
1497 590 1516 611 »
1537 575 1638 614 Essi
1658 575 1736 614 do-

126 659 295 687 vevano
324 652 496 688 tornare
526 661 554 688 o
584 647 819 697 vittoriosi,
853 647 944 687 cio'e
975 660 1059 687 con
1088 648 1132 688 lo
1163 649 1314 698 scudo,
1347 648 1501 700 poiche
1523 648 1592 688 chi
1611 649 1737 701 fugge

126 725 245 773 getta
273 734 350 774 per
381 721 518 774 prima
547 735 647 762 cosa
676 721 720 762 10
753 721 901 771 scudo,
938 734 961 761 e
992 721 1127 761 anche
1159 722 1359 772 ORAZIO‚
1393 722 1675 763 confessando
1694 723 1736 763 la

126 807 206 836 sua
234 795 335 847 suga
363 795 479 836 nella
507 795 714 847 battaglia
745 795 790 835 di
819 796 858 834 F
859 795 997 848 ilippi,
1035 795 1128 834 dice
1160 795 1202 834 di
1236 797 1305 836 se:

131 887 255 950 649.
407 884 640 936 Relicta
678 901 795 936 non
834 886 983 935 bene
1022 884 1304 951 parmula.

1017 964 1227 1005 (Carmina,
1256 963 1322 997 lib.
1345 964 1396 1006 11,
1422 963 1486 998 od.
1511 965 1541 1005 7,
1564 976 1600 998 v.
1628 965 1691 1006 10).

124 1062 152 1090 ο
182 1049 329 1100 morti,
362 1049 454 1090 cioe
485 1049 644 1102 portati
676 1049 747 1089 dai
777 1048 1061 1089 commilitoni
1092 1049 1203 1100 sugli
1237 1049 1373 1089 scudi.

186 1124 234 1165 Si
255 1123 474 1164 ricordino
494 1124 510 1163 i
529 1123 601 1164 bei
620 1124 734 1163 versi
758 1122 828 1163 del
857 1124 1107 1163 LEOPARDI
1130 1124 1272 1175 (Nelle
1291 1137 1414 1163 nozze
1434 1125 1549 1162 della
1575 1125 1738 1163 sorella

128 1198 352 1248 Paolina):

424 1279 463 1317 F
465 1277 590 1318 inche
620 1278 662 1318 la
693 1290 822 1330 sposa
852 1278 1098 1329 giovanetta
1128 1277 1160 1318 il
1192 1278 1282 1317 fido

424 1337 601 1377 Brando
631 1338 810 1389 cingeva
840 1337 881 1377 al
911 1350 1008 1377 earo
1039 1337 1145 1388 lato,
1181 1351 1204 1377 e
1236 1337 1309 1390 poi

427 1397 627 1450 Spandea
658 1397 697 1437 le
728 1409 857 1449 negre
887 1396 1056 1437 chiome

427 1457 507 1497 Sul
537 1469 668 1509 corpo
699 1468 886 1508 esangue
916 1469 939 1496 e
970 1457 1089 1497 nudo

427 1516 614 1568 Quando
645 1513 850 1556 e'reddia
879 1515 951 1556 nel
982 1519 1235 1556 conservato
1267 1515 1422 1557 scudo.

187 1613 227 1652 T
229 1613 394 1653 uttavia
423 1610 455 1653 l'
469 1626 601 1653 uomo
632 1615 719 1666 puo
751 1613 908 1653 andare
938 1613 1136 1653 incontro
1159 1612 1242 1652 alla
1262 1618 1399 1653 morte
1419 1613 1553 1653 anche
1577 1627 1653 1667 per
1676 1627 1743 1655 ca-

129 1686 248 1739 gioni
268 1686 343 1740 piu
367 1687 494 1727 basse
515 1700 538 1727 e
557 1687 734 1728 frivole:
761 1699 851 1727 non
873 1687 1105 1727 altrimenti
1126 1687 1140 1726 i
1162 1687 1387 1738 gladiatori
1409 1687 1503 1738 che,
1523 1700 1613 1728 11011
1635 1701 1744 1728 sem-

128 1773 205 1815 pre
234 1761 402 1802 astretti
425 1761 539 1801 dalla
559 1762 737 1802 volonta
758 1761 828 1801 del
844 1762 1053 1815 padrone,
1073 1775 1142 1801 ma
1157 1762 1294 1801 talora
1311 1774 1386 1814 per
1404 1762 1497 1802 solo
1515 1775 1658 1802 amore
1675 1762 1744 1803 del

129 1836 370 1888 guadagno,
396 1849 629 1877 correvano
653 1850 677 1876 a
701 1836 802 1876 dare
823 1850 850 1876 o
872 1850 896 1875 a
916 1836 1102 1876 ricevere
1123 1841 1261 1876 morte
1282 1836 1322 1875 al
1343 1837 1492 1887 grido:

136 1928 259 1992 650.
300 1925 453 1988 Ave,
494 1926 832 1994 Imperator,
877 1926 1137 1978 morituri
1175 1934 1249 2003 te
1272 1928 1540 1978 salutant.

188 2037 434 2078 SVI-:TONIO
457 2039 571 2078 nella
600 2039 698 2078 Vita
720 2040 771 2077 dz'
792 2039 975 2078 Claudio
1005 2036 1043 2093 (ξ
1070 2041 1140 2090 21)
1167 2039 1256 2078 cosi
1277 2051 1401 2078 narra
1425 2039 1469 2078 di
1489 2044 1644 2091 questo
1664 2039 1742 2079 im-

130 2116 349 2165 peratore:
377 2113 663 2153 ‹Emissurus
694 2113 907 2153 Fucinum
938 2112 1095 2162 lacum,
1129 2112 1426 2152 naumachiam
1451 2118 1549 2153 ante
1570 2114 1746 2153 commi-

130 2186 203 2228 sit.
218 2187 306 2228 Sed
325 2201 422 2228 cum
442 2187 808 2240 proclamantibus
828 2186 1176 2236 naumachiariis,
1194 2187 1297 2232 Ave,
1321 2187 1585 2238 Imperator,
1612 2188 1744 2227 mori-

132 2260 230 2299 turi
244 2265 284 2299 te
303 2261 518 2310 salutant,
542 2260 853 2312 respondisset,
878 2263 1016 2299 Avete
1038 2271 1132 2308 vos,
1159 2271 1300 2311 neque
1322 2264 1421 2312 post
1445 2259 1554 2299 hanc
1575 2272 1742 2311 vocem,

130 2334 254 2386 quasi
273 2335 400 2375 venia
419 2335 518 2375 data
539 2336 767 2388 quisquam
792 2334 994 2374 dimicare
1015 2333 1158 2382 vellet,
1186 2334 1260 2373 diu
1278 2338 1502 2373 cunctatus
1525 2346 1579 2373 an
1595 2346 1744 2374 omnes

129 2406 220 2460 igni
238 2408 435 2461 sen-oque
458 2409 719 2459 absumeret,
752 2408 924 2449 tandem
956 2420 980 2447 e
1011 2407 1111 2447 sede
1143 2420 1220 2447 sua
1251 2406 1467 2460 prosiluit,
1492 2420 1539 2446 ac
1561 2420 1636 2459 per
1657 2420 1744 2447 am-

132 2480 272 2522 bitum
294 2481 411 2523 lacus
427 2495 517 2523 non
537 2482 629 2523 sine
645 2482 761 2523 soeda
778 2482 1046 2522 vacillatione
1069 2482 1325 2530 discurrens,
1347 2481 1501 2534 partim
1520 2481 1742 2531 minando,

132 2554 288 2608 partim
318 2555 591 2597 adhortando
621 2556 676 2595 ad
706 2568 894 2609 pugnam
926 2555 1150 2608 compulit.
1185 2556 1284 2594 Hoc
1317 2553 1559 2606 spectaculo
1598 2554 1745 2594 classis

134 2627 278 2670 Sicula
306 2634 349 2670 et
378 2630 557 2670 Rhodia
587 2634 909 2680 concurrerunt,
943 2626 1238 2669 duodenarum
1276 2627 1512 2668 triremium
1546 2627 1742 2679 singulae,

131 2702 322 2744 exciente
351 2704 531 2745 buccina
551 2705 709 2745 tritone
739 2708 955 2756 argenteo,
978 2703 1054 2755 qui
1074 2715 1097 2743 e
1119 2702 1262 2743 medio
1292 2701 1386 2742 lacu
1408 2714 1483 2755 per
1503 2701 1744 2742 machinam

135 2783 379 2820 emerserat.
399 2795 419 2816 2

194 2853 238 2892 A
266 2857 420 2904 questo
450 2852 620 2893 ricordo
651 2852 696 2892 di
727 2851 936 2892 Svetonio
968 2847 1152 2903 s'ispiro
1185 2850 1365 2889 Pm‘rRo
1389 2849 1543 2889 CossA
1566 2848 1739 2901 quando

134 2924 249 2965 nella
276 2926 514 2965 Messalina
543 2927 600 2976 (a.
634 2926 672 2975 1,
709 2938 769 2966 sc.
804 2926 846 2977 8)
877 2925 967 2965 cosi
997 2925 1038 2964 sa
1068 2924 1231 2977 parlare
1264 2922 1472 2964 Claudio:

137 3035 240 3089 649.
273 3037 404 3090 Dopo
434 3050 536 3079 aver
566 3043 730 3090 gettato
761 3038 1014 3078 malamente
1046 3037 1089 3077 10
1122 3037 1271 3077 scudo.

11 3097 76 3386 ἐξ,
138 3101 243 3156 650.
274 3103 441 3154 Addio‚
473 3104 757 3158 Imperatore,
787 3104 888 3157 quei
926 3103 1004 3144 che
1035 3115 1180 3144 vanno
1212 3117 1237 3143 a
1278 3102 1435 3143 morire
1467 3101 1499 3142 ti
1530 3101 1741 3142 salutano.
