2014 3386
0 164 21 194 ·;
116 148 356 212 [957-962]
420 150 646 204 Orgoglzb,
672 151 923 199 ambimus,
950 150 1116 196 vanitd,
1138 151 1428 201 presunzione
1639 157 1721 203 275

115 321 195 363 che
223 321 255 362 il
285 334 365 361 suo
395 333 539 371 nome,
565 320 634 360 cui
654 317 864 360 l’Ariosto
885 319 1001 360 dette
1025 324 1142 360 tanta
1166 321 1288 369 sama,
1317 321 1340 359 ὲ
1362 324 1534 372 passato
1558 320 1605 360 in
1625 333 1726 373 pro·
1754 345 1768 353 -

114 395 266 435 verbio
295 408 319 434 a
349 394 536 434 indicare
566 406 626 433 un
657 393 959 444 millantatore,
993 407 1081 434 uno
1113 407 1337 446 spaccone,
1372 406 1431 434 un

122 507 224 558 957
237 534 248 544 .
288 492 458 543 Miles
495 491 796 559 gloriosus,

115 612 194 654 che
223 614 247 653 e
277 612 351 665 poi
378 612 410 652 il
440 611 564 652 titolo
596 611 640 650 di
671 623 756 650 una
787 610 1023 650 commedia
1054 610 1098 649 di
1128 610 1343 651 PLAUTO.

174 688 237 727 La
266 700 367 739 gara
396 685 506 726 delle
537 685 751 725 mondane
782 684 928 725 vanita
958 686 981 724 ὲ
1013 697 1094 724 con
1134 685 1241 724 srase
1284 685 1489 724 moderna
1528 698 1721 738 espressa

114 761 187 801 nel
214 761 339 801 titolo
369 760 572 800 scultorio
603 759 704 799 dato
735 759 790 798 da
821 759 1128 799 THACKERAY
1159 773 1183 798 a
1212 772 1300 798 uno
1332 759 1400 798 dei
1423 759 1518 799 suoi
1539 758 1726 810 migliori

117 834 327 884 romanzi‚
361 833 610 886 pubblicato
640 832 711 872 nel
748 833 883 883 1847:

116 932 240 994 958.
280 927 502 996 Vanity
540 926 688 978 Fair.

113 1047 191 1088 che
211 1060 287 1100 per
316 1047 425 1086 altro
455 1046 485 1085 il
517 1045 767 1098 Thackeray
800 1045 908 1085 tolse
939 1059 964 1085 a
995 1058 1054 1084 un
1086 1049 1285 1085 racconto
1317 1044 1360 1084 di
1383 1045 1592 1084 BUNYAN
1614 1044 1727 1084 della

111 1122 220 1163 serie
241 1122 328 1161 ἸῚιε
349 1122 559 1174 Pz'lgrz'ms
575 1122 790 1174 Progress
807 1119 1110 1172 (1678-1684).
1137 1122 1180 1158 A
1200 1119 1425 1159 consronto
1443 1119 1512 1158 dei
1533 1118 1723 1159 vanitosi

115 1196 152 1236 si
183 1198 272 1249 puo
302 1208 523 1236 osservare
555 1195 632 1235 che

115 1315 239 1365 959.
280 1299 364 1350 La
402 1306 566 1350 vertu
600 1297 789 1349 n'irait
828 1314 931 1364 pas
961 1296 1096 1358 loin,
1132 1295 1178 1347 si
1211 1296 1267 1347 la
1300 1293 1496 1347 vanite
1537 1313 1609 1348 ne
1641 1297 1724 1348 lui

362 1380 545 1432 tenait
584 1379 943 1447 compagnie.

798 1458 874 1497 (LA
899 1458 1290 1498 Rocuzroucaum,
1316 1458 1521 1500 Maximes,
1546 1458 1567 1499 ἕ
1588 1457 1681 1498 200).

170 1557 325 1598 Anche
354 1558 515 1599 Seneca
545 1557 662 1597 dice:
698 1573 717 1594 e:
734 1555 859 1596 Tolle
889 1555 1168 1595 ambitionem
1199 1560 1241 1596 et
1279 1556 1493 1596 fastuosos
1526 1556 1716 1609 spiritus,

110 1633 255 1674 nullos
284 1632 464 1673 habebis
494 1645 573 1672 nec
593 1632 812 1681 Platones,
841 1643 919 1683 nec
943 1631 1144 1681 Catones,
1172 1643 1250 1671 nec
1271 1631 1503 1682 Scaevolas,
1530 1645 1608 1672 nec
1633 1633 1724 1673 Sci-

113 1708 279 1761 piones,
316 1720 395 1747 nec
425 1707 664 1747 Fabricios.
690 1722 710 1742 »

171 1781 296 1821 Dalle
312 1781 518 1820 Mas-sime
540 1781 609 1832 gia
624 1780 749 1821 citate
770 1779 839 1820 del
856 1780 1383 1820 LA'ROCHEFOUCAULD
1400 1783 1550 1831 traggo
1571 1785 1723 1832 queste

116 1855 223 1897 altre
254 1856 339 1896 due
369 1855 415 1895 di
444 1859 694 1907 argomento
726 1855 935 1907 analogo:

117 1962 240 2025 960.
280 1958 344 2010 Si
387 1975 531 2010 nous
578 1958 840 2009 n’avions
888 1957 1052 2024 point
1102 1957 1398 2025 d'orgueil,
1456 1975 1601 2009 nous
1653 1975 1725 2010 ne

356 2057 500 2091 nous
536 2039 891 2107 plaindrions
928 2055 1032 2105 pas
1071 2039 1143 2090 de
1182 2038 1329 2090 celui
1369 2039 1469 2090 des
1518 2047 1722 2092 autreS.

1431 2127 1461 2170 (ς
1484 2126 1683 2167 xxxiv).

117 2222 241 2285 961.
281 2218 543 2286 Quelque
581 2218 715 2269 bien
755 2218 929 2285 qu'on
969 2232 1113 2268 nous
1152 2217 1274 2268 dise
1323 2218 1395 2269 de
1444 2235 1605 2280 nOUS,
1649 2235 1723 2269 on

357 2317 429 2351 ne
467 2317 613 2351 nous
653 2300 912 2366 apprend
952 2299 1075 2350 rien
1115 2299 1186 2350 de
1226 2316 1508 2351 nouveaU.

1435 2380 1471 2420 (ς
1494 2378 1680 2419 ocem).

172 2475 264 2519 All'
278 2478 522 2531 orgoglioso
544 2478 621 2519 che
641 2491 729 2518 non
751 2478 878 2518 vuole
899 2478 1163 2518 riconoscere
1184 2478 1199 2517 i
1218 2478 1366 2531 propri
1387 2478 1542 2528 difetti,
1566 2478 1605 2518 le
1626 2491 1726 2531 pro-

35 2600 37 2602 ,
115 2553 206 2606 prie
236 2553 357 2606 colpe
387 2553 441 2593 ed
470 2552 527 2592 ha
549 2552 670 2592 occhi
695 2551 882 2592 soltanto
903 2564 978 2605 per
1002 2551 1143 2605 quelle
1167 2551 1280 2603 degli
1302 2551 1412 2602 altri,
1440 2552 1476 2591 si
1501 2554 1587 2605 puo
1612 2553 1725 2606 ripe-

35 2668 42 2675 ,
115 2630 205 2667 tere
235 2626 265 2666 il
298 2631 434 2667 motto
466 2627 648 2667 biblico:

36 2752 41 2756 -
118 2723 242 2787 962.
283 2722 525 2783 Medice‚
567 2739 703 2774 cura
741 2729 798 2773 te
838 2723 1045 2788 ipsum.

888 2810 1053 2853 (Evang.
1077 2809 1120 2842 di
1141 2810 1177 2843 S.
1203 2810 1321 2850 Luca,
1347 2820 1430 2853 cap.
1456 2809 1525 2850 1V,
1550 2822 1585 2843 v.
1610 2810 1679 2851 23).

47 2929 50 2932 ’
84 2903 92 2909 ”
118 2930 222 2973 957.
255 2921 433 2962 Soldato
464 2922 766 2963 millantatore.

50 3037 53 3042 k
120 2988 223 3039 958.
257 2988 321 3027 La
353 2987 455 3028 fieta
486 2988 598 3029 della
628 2989 790 3029 vanita.

120 3054 224 3104 962.
259 3054 446 3104 Medico,
480 3068 579 3094 cura
611 3059 653 3095 te
683 3055 933 3095 medesimo.
