2014 3386
15 99 26 102 ᾖ
73 116 312 172 [584-588]
710 116 938 160 Giustizia,
977 116 1052 154 lz‘tz·
1595 116 1674 168 165

131 290 217 329 Per
245 287 287 328 le
316 287 473 328 cattive
503 300 629 327 cause
659 287 697 327 si
727 287 855 327 citera
885 301 911 326 a
940 286 1164 339 proposito
1194 286 1226 326 il
1255 299 1381 327 verso
1406 286 1452 326 di
1473 287 1674 327 OVIDIO:

78 404 200 466 584.
278 398 491 451 Caussa
531 397 848 464 patrocinio
889 415 1007 449 non
1051 399 1206 449 bona
1242 398 1403 464 peior
1445 397 1566 449 erit.

1031 484 1210 526 (Tristia,
1233 483 1299 516 lib.
1324 485 1353 524 1,
1379 484 1425 516 el.
1453 483 1481 524 l,
1506 495 1541 517 v.
1565 483 1634 524 26).

72 606 193 635 come
222 594 268 634 in
297 594 494 646 generale
524 593 732 646 pai-lando
765 592 878 632 della
906 590 1167 631 risoluzione
1198 603 1224 630 ο
1255 603 1382 630 meno
1407 590 1517 630 delle
1537 603 1676 641 cause,

71 668 109 708 si
137 670 279 721 pona,
313 668 501 708 secondo
531 667 546 706 i
575 667 675 716 casi,
711 679 835 706 usare
866 679 952 706 una
983 664 1093 705 delle
1124 665 1207 704 due
1237 665 1338 704 frasi
1369 665 1586 716 seguenti:

79 776 202 838 585.
353 771 572 822 Adhuc
612 772 719 822 sub
753 771 949 838 judice
987 770 1056 821 lis
1096 777 1196 821 est.

1002 857 1195 897 (ORAzxo,
1218 856 1297 889 Ars
1313 857 1480 899 poetica,
1503 867 1538 889 v.
1565 856 1633 900 78).

81 951 203 1014 586.
245 944 448 1000 Roma*
476 950 670 1000 locuta
707 949 846 1017 (est),
887 960 1070 1000 causa·
1096 947 1260 999 finita
1298 948 1435 1016 (est).

72 1067 151 1108 che
179 1067 367 1107 secondo
397 1067 428 1106 il
458 1067 713 1107 Bfichmann
743 1068 930 1107 avrebbe
962 1067 1126 1119 origine
1158 1067 1213 1106 da
1243 1080 1303 1107 un
1333 1080 1460 1120 passo
1485 1067 1554 1107 dei
1579 1069 1680 1107 Ser-

75 1144 199 1181 moni
222 1142 267 1181 dj
297 1142 345 1183 S.
377 1144 629 1181 AGOSTINO
661 1143 815 1192 (Serm.
855 1152 955 1193 131,
988 1154 1034 1182 n.
1076 1142 1165 1193 10):
1199 1143 1333 1194 «Jam
1364 1141 1479 1181 enim
1517 1142 1570 1181 de
1600 1141 1681 1181 hac

71 1229 199 1256 causa
228 1214 511 1271 [Pelagiana],
546 1217 632 1256 duo
665 1216 845 1256 concilia
867 1216 997 1255 missa
1018 1221 1117 1255 sunt
1139 1217 1194 1255 ad
1215 1217 1359 1256 sedern
1381 1216 1676 1269 apostolicam.

70 1291 180 1331 Inde
206 1292 334 1331 etiam
366 1292 570 1343 rescripta
591 1297 823 1332 venerunt:
847 1305 982 1331 causa
991 1292 1129 1346 finita
1150 1297 1238 1337 est,·
1259 1292 1422 1331 utinam
1447 1292 1680 1344 aliquando

70 1365 244 1406 finiatur
258 1379 375 1406 error
395 1380 433 1414 »3
459 1379 529 1405 ma
549 1366 633 1417 egli
653 1379 742 1406 non
767 1379 813 1406 sa
834 1366 940 1406 dirci
961 1366 1030 1405 chi
1053 1367 1240 1406 avrebbe
1261 1366 1465 1418 aggiunto
1489 1366 1521 1405 il
1540 1366 1680 1419 primo

68 1442 262 1481 membro
286 1440 397 1481 della
427 1442 554 1490 srase,
578 1440 656 1480 che
687 1441 782 1480 solo
800 1439 1149 1493 implicitamente
1170 1441 1193 1480 ὲ
1217 1444 1449 1480 contenuto
1469 1440 1582 1480 nelle
1605 1454 1680 1493 pa-

31 1552 34 1554 .
70 1515 160 1556 role
191 1516 236 1555 di
266 1516 313 1556 S.
345 1515 579 1566 Agostino.

128 1589 213 1629 Del
227 1593 341 1629 resto
362 1594 583 1629 noteremo
607 1601 683 1641 per
704 1588 856 1629 ultimo
877 1602 901 1629 e
917 1602 1037 1629 come
1057 1602 1132 1642 per
1156 1589 1430 1629 conclusione
1451 1589 1495 1628 di
1516 1594 1678 1641 quanto

71 1663 296 1714 dicemmo,
331 1663 431 1705 che:

81 1771 202 1832 587.
244 1767 355 1818 Les
393 1767 671 1834 querelles
711 1784 782 1817 ne
822 1766 1149 1818 dureraient
1188 1783 1291 1832 pas
1329 1767 1675 1835 longi-emm,

311 1857 358 1907 si
400 1857 452 1907 le
491 1863 608 1907 tort
647 1853 846 1907 n’etait
885 1873 997 1923 que
1038 1856 1183 1906 d'un
1224 1855 1366 1907 εὸῒὲ.

544 1951 622 1991 (LA
645 1951 1037 1992 RoemnvoucAunn,
1064 1951 1268 1990 Maximes,
1295 1952 1315 1991 ξ
1340 1950 1630 1992 CCCCXCVI).

774 2179 813 2253 g
872 2179 976 2236 37.

499 2320 766 2398 Govern0‚
804 2320 979 2400 leggi,
1019 2320 1248 2401 politica

79 2516 498 2587 588.·Videbis‚
526 2515 623 2578 fili,
653 2517 731 2568 mi
756 2534 931 2585 quam
963 2533 1143 2584 parva
1174 2515 1434 2583 sapienta
1457 2515 1678 2583 regitur

322 2606 587 2657 mundus,

76 2754 179 2805 584.
211 2753 274 2793 La
302 2766 429 2794 causa
458 2755 615 2794 cattiva
646 2754 822 2794 diventa
853 2754 1053 2806 peggiore
1084 2754 1151 2794 col
1182 2754 1343 2794 volerla
1374 2754 1607 2796 disendere.

77 2820 179 2872 585.
213 2820 276 2859 La
303 2820 379 2860 lite
408 2821 431 2861 ὲ
463 2833 618 2861 ancora
646 2821 821 2861 innanzi
850 2821 890 2861 al
920 2821 1104 2872 giudice.

78 2884 179 2936 586.
214 2886 359 2926 Roma
388 2886 443 2926 ha
472 2886 656 2940 padato,
689 2887 731 2927 la
761 2900 886 2927 causa
918 2888 941 2927 ὲ
974 2887 1112 2928 finita.

79 2950 180 3002 588.
212 2952 390 3002 Vedrai,
427 2952 545 3005 figlio
575 2954 680 3003 mio,
713 2966 795 2994 con
826 2959 985 3007 quanta
1015 2966 1121 3007 poca
1152 2953 1350 3007 sapienza
1379 2954 1415 2994 si
1438 2966 1567 3007 possa
1586 2966 1680 3006 reg-

254 3030 352 3069 gere
382 3018 413 3058 il
443 3019 621 3061 mondo.
