2014 3386
15 86 25 93 x
94 112 394 168 [1864-1867]
513 114 700 158 Scherzi,
738 115 952 167 motteggi,
977 114 1106 171 frasi
1126 115 1292 166 gzbcose
1615 120 1698 164 527

95 284 318 326 Gaudenzi
342 285 551 336 aggiunge
581 280 651 324 ch'
662 295 757 324 essa
788 284 824 324 si
855 289 978 324 trova
1008 296 1084 336 per
1104 283 1146 323 la
1175 283 1312 336 prima
1343 282 1461 323 volta
1480 287 1602 323 usata
1633 283 1704 322 nel

94 357 364 399 Formulario
392 357 574 398 notarile
603 358 992 409 Magliabechiano,
1029 354 1073 398 d'
1089 358 1238 409 ignoto
1269 362 1431 406 autore,
1468 357 1579 397 della
1619 356 1703 397 fine

95 430 166 471 del
185 443 270 472 sec.
294 441 365 471 XII
388 431 508 471 o’del
528 431 739 484 principio
771 430 840 470 del
864 441 967 477 XIII,
992 431 1243 482 pubblicato
1265 431 1320 470 da
1345 430 1398 471 G.
1423 431 1477 471 B.
1505 429 1703 470 Palmieri

94 505 206 545 nella
236 506 502 544 Bibliotheca
533 507 725 545 iurz'dz'ca
756 508 892 545 medii
920 508 1033 546 aevi.

154 582 194 621 E
223 580 461 634 qui'vanno
486 594 591 634 pure
610 581 741 630 citati,
770 580 935 620 benche
957 584 1277 632 appartengano
1299 593 1324 620 a
1345 580 1452 620 sacri
1474 579 1594 620 testi:

108 680 265 742 1864.
305 677 470 729 Sicut
508 684 629 728 erat
668 677 727 727 in
767 675 1068 743 principio,

94 795 241 848 parole
271 795 349 835 che
379 795 415 835 si
446 795 603 835 dicono
635 795 1004 835 scherzosamente
1039 807 1066 834 ο
1097 806 1172 846 per
1202 793 1356 844 ironia,
1383 793 1639 834 trattandosi
1660 793 1706 832 di

94 883 195 910 cosa
224 883 251 909 o
282 869 431 909 lavoro
463 869 540 909 che
570 882 660 909 non
692 869 980 921 progoedisce,
1005 867 1048 907 di
1072 868 1170 919 guai
1191 867 1268 907 che
1290 876 1379 907 non
1400 867 1605 919 vogliono
1627 866 1706 906 mi-

94 943 290 995 gliorare,
326 957 413 984 ecc.
447 956 558 990 ecc.;
596 956 619 983 e
641 956 748 983 sono
770 942 915 995 parole
936 941 1047 981 della
1068 941 1306 981 cosiddetta
1329 943 1563 994 dossologz'a
1583 943 1704 980 breve

95 1029 123 1056 o
153 1018 318 1055 minore
348 1018 389 1068 (o
428 1018 579 1056 Gloria
610 1018 750 1067 Patrz)
782 1015 860 1055 che
894 1028 966 1068 per
1006 1015 1146 1054 antico
1177 1028 1275 1064 uso,
1309 1015 1353 1054 di
1393 1015 1460 1054 cui
1499 1028 1608 1054 sono
1638 1015 1705 1054 in-
1770 1058 1776 1064 ,

96 1095 209 1130 certe
238 1090 278 1130 le
306 1090 475 1141 origini,
511 1090 624 1129 nella
653 1089 825 1140 liturgia
856 1090 968 1129 della
989 1101 1127 1128 messa
1152 1088 1188 1128 si
1210 1088 1340 1128 recita
1362 1089 1407 1128 in
1431 1088 1516 1128 fine
1538 1089 1582 1128 di
1603 1089 1706 1140 ogni

95 1164 249 1212 salmo,
283 1164 399 1216 dopo
428 1160 459 1203 l’
475 1164 652 1203 introito
684 1166 721 1215 (e
753 1163 822 1203 chi
853 1175 942 1202 non
974 1175 1020 1202 sa
1043 1162 1121 1202 che
1150 1162 1287 1202 «tutti
1309 1162 1323 1201 i
1347 1162 1469 1202 salmi
1494 1162 1704 1202 finiscono

94 1238 140 1277 in
164 1240 312 1291 gloria
328 1239 408 1289 ποῖ).
442 1238 481 1277 Il
512 1243 624 1278 testo
656 1237 768 1277 della
799 1238 1058 1289 dossologia,
1095 1237 1221 1289 quale
1254 1237 1290 1276 si
1321 1250 1398 1276 usa
1419 1237 1489 1276 nel
1520 1238 1602 1277 rito
1633 1250 1706 1277 oc-

94 1312 317 1361 cidentale,
354 1314 400 1353 e:
427 1329 447 1349 ι
464 1312 612 1352 Gloria
632 1313 767 1362 Patri,
795 1317 837 1352 et
861 1312 991 1360 Filio,
1015 1317 1058 1352 et
1078 1311 1257 1364 Spiritui
1282 1316 1456 1352 sancto:
1480 1314 1594 1351 sicut
1611 1317 1707 1351 erat

96 1388 143 1424 z‘n
158 1388 393 1438 principio,
415 1391 458 1426 et
472 1399 603 1436 nunc,
626 1391 667 1426 et
689 1399 873 1438 semper,
899 1391 940 1425 et
961 1386 1006 1426 in
1023 1385 1179 1426 saecula
1201 1386 1475 1427 saeculorum.
1499 1388 1656 1426 Amen.
1676 1401 1695 1423 »

96 1461 135 1498 Ε
167 1460 206 1500 le
237 1459 382 1512 parole
415 1461 541 1499 Sicut
569 1466 664 1499 erat
695 1462 741 1499 in
765 1461 1003 1512 principio,
1041 1472 1148 1509 ecc.‚
1183 1458 1324 1499 vuolsi
1356 1459 1477 1499 siano
1503 1463 1611 1508 state
1632 1472 1704 1510 ag-

95 1534 242 1586 giunte
272 1534 343 1573 dal
373 1533 568 1574 Concilio
599 1533 768 1573 Niceno
799 1533 868 1573 nel
903 1542 984 1586 325
1019 1546 1095 1586 per
1127 1533 1347 1573 confutare
1378 1529 1562 1573 l'errore
1593 1533 1706 1585 degli

94 1608 261 1655 Ariani,
293 1609 307 1647 i
339 1608 456 1661 quali
487 1613 773 1648 sostenevano
805 1607 883 1647 che
913 1608 944 1646 il
975 1607 1192 1658 Figliuolo
1224 1607 1268 1646 di
1300 1607 1386 1647 Dio
1408 1608 1522 1647 fosse
1543 1607 1706 1647 comin-

94 1683 205 1723 ciato
235 1682 305 1722 nel
337 1688 499 1735 tempo,
534 1694 623 1722 non
654 1682 767 1722 fosse
798 1686 911 1722 stato
942 1683 994 1721 ab
1024 1687 1197 1722 oeterno.

104 1774 262 1843 1865.
304 1776 414 1829 Ait
452 1778 600 1828 latro
641 1778 713 1828 ad
753 1778 1050 1828 latronem.

96 1897 190 1937 Con
221 1901 372 1949 queste
404 1896 551 1949 parole
581 1896 789 1936 comincia
820 1896 861 1936 la
892 1900 1007 1935 terza
1037 1895 1228 1935 antifona
1260 1894 1370 1934 delle
1392 1894 1531 1934 Laudi
1552 1894 1596 1933 in
1620 1893 1706 1934 fine

95 1968 370 2011 dell’Ufficio
408 1971 477 2011 del
507 1971 701 2011 Venerdi
742 1971 877 2011 Santo
909 1970 1049 2021 (Feria
1080 1970 1146 2009 VI
1185 1972 1232 2008 z‘n
1264 1970 1535 2020 Parasceve):
1577 1965 1607 2007 l'
1625 1981 1704 2008 uso

96 2044 268 2096 volgare
298 2046 337 2085 le
368 2045 424 2085 ha
454 2051 657 2098 usurpate
688 2046 732 2084 in
764 2058 890 2085 senso
923 2044 1131 2085 beffardo.

154 2119 240 2171 Qui
272 2121 441 2159 trovera
470 2119 605 2159 anche
644 2119 790 2171 luogo,
826 2131 899 2172 per
937 2115 967 2157 l’
983 2123 1073 2158 atto
1112 2118 1284 2158 sconcio
1325 2117 1403 2157 che
1441 2116 1640 2170 esprime‚
1674 2116 1705 2156 il

96 2205 222 2232 verso
254 2192 482 2233 dantesco:

105 2292 258 2341 1866.
301 2290 381 2340 Le
419 2290 574 2340 mani
614 2288 734 2341 alzo
773 2306 880 2341 con
921 2288 1202 2341 ambedue
1241 2290 1293 2339 le
1331 2286 1496 2338 fiche.

949 2376 1128 2415 (DAwrss,
1152 2374 1325 2418 Inferno‚
1347 2385 1377 2408 c.
1403 2374 1531 2414 XXV,
1555 2386 1590 2407 v.
1613 2375 1659 2415 2).

95 2479 120 2507 e
150 2466 226 2519 qui
255 2465 528 2517 ugualmente
558 2465 588 2505 il
620 2478 744 2506 verso
776 2465 846 2505 del
877 2466 1055 2505 BERNI:

105 2567 261 2628 1867.
305 2563 560 2614 Andava
599 2563 1021 2624 combattend0‚
1063 2563 1133 2614 ed
1174 2579 1270 2613 era
1309 2569 1510 2613 mort0.

96 2682 236 2722 Narra
256 2694 413 2721 messer
437 2681 473 2721 F
476 2691 622 2723 RANC.
648 2683 802 2722 BERNI
833 2678 1141 2722 nell’Orlando
1171 2683 1449 2720 Innamorato
1482 2683 1535 2731 (c.
1573 2682 1700 2731 LIII,

96 2760 176 2796 ott.
201 2755 272 2806 60)
296 2756 340 2795 di
362 2755 555 2796 Orlando
579 2755 657 2796 che
678 2768 851 2795 accorso
875 2756 920 2794 in
944 2756 1061 2795 aiuto
1085 2756 1129 2795 di
1154 2756 1439 2807 Carlomagno
1470 2755 1551 2796 alle
1582 2768 1703 2808 prese

95 2842 178 2870 con
197 2830 213 2869 i
233 2829 434 2878 Sameini,
458 2830 498 2869 sa
518 2843 615 2870 cose
637 2831 934 2882 maravigliose
958 2843 1039 2871 con
1063 2830 1103 2871 la
1127 2844 1204 2871 sua
1224 2830 1496 2871 Durlindana
1516 2831 1557 2872 la
1578 2831 1703 2884 quale

102 2953 232 3006 1864.
267 2951 477 2995 Com’era
507 2955 810 3008 inprincipio.

103 3019 231 3073 1865.
264 3021 393 3061 Disse
424 3033 483 3061 un
513 3021 582 3062 dei
612 3022 721 3062 ladri
751 3018 950 3062 all’altro
980 3022 1119 3062 ladro.
