2014 3386
272 159 354 213 582
858 162 1006 201 Indice
1036 162 1146 202 delle
1164 162 1294 215 frasi

268 331 409 371 Faber
440 334 505 370 est
536 342 624 369 suae
657 329 839 382 quisque
871 331 1070 372 sortunae.
1106 332 1211 384 482.

267 391 492 430 Faciamus
524 390 860 442 experimentum
891 390 936 429 in
968 392 1109 431 anima
1138 392 1230 432 vili.
1271 394 1398 443 1738.

267 450 471 490 Faciendi
502 449 645 502 plures
675 449 810 489 libros
841 449 984 490 nullus
1017 456 1080 491 est
1114 451 1228 492 finis.
1265 460 1336 502 27.

267 510 424 550 Facilis
455 509 684 549 descensus
710 510 887 550 Averni.
924 512 1025 560 398.

267 570 389 609 Facit
421 569 660 620 indignatio
692 582 880 609 versum.
922 579 1050 622 1501.

267 630 445 670 Factum
478 634 543 669 est
574 628 702 676 illud3
742 629 835 668 fieri
866 630 1068 669 infectum
1101 643 1190 670 non
1222 635 1381 683 potest.
1416 630 1519 683 460.

267 690 401 729 Fama
432 689 583 729 crescit
613 689 773 729 eundo.
815 689 943 739 1687.

266 750 330 789 Fa
361 754 506 789 manto
539 748 609 788 del
638 761 742 788 vero
774 749 856 788 alla
886 762 1138 800 menzogna.
1181 759 1279 800 119.

265 810 399 849 Fama
431 821 558 861 super
589 808 761 848 aethera
791 815 937 850 notus.
971 810 1068 850 188.

267 871 418 920 Fango
450 869 527 908 che
559 869 661 908 sale.
697 870 800 919 604.

265 930 378 969 Faro
410 942 529 968 come
561 928 675 968 colui
706 928 784 968 che
815 928 969 981 piange
1001 941 1024 967 e
1056 928 1165 969 dice.
1206 928 1335 968 1166.

266 989 352 1029 Fas
385 993 449 1028 est
480 993 523 1028 et
554 989 609 1028 ab
640 987 766 1027 hoste
798 988 956 1028 doceri.
997 997 1127 1040 1225.

266 1049 375 1088 Fata
405 1048 519 1087 viam
551 1048 787 1088 invenient.
822 1056 927 1100 479.

264 1109 301 1148 F
304 1109 380 1148 atti
411 1121 501 1148 non
532 1108 641 1147 foste
672 1122 697 1147 a
729 1108 851 1147 viver
882 1120 1002 1147 come
1033 1108 1164 1148 bruti.
1206 1107 1335 1147 1626.

265 1169 394 1208 Fatto
426 1165 609 1208 v'avete
641 1168 727 1207 Dio
759 1164 803 1207 d'
820 1181 897 1207 oro
930 1180 952 1206 e
984 1164 1027 1206 d’
1041 1173 1234 1218 argento.
1277 1175 1374 1218 125.

263 1228 387 1268 Felix
418 1228 493 1280 qui
524 1228 666 1280 potuit
696 1240 836 1267 rerum
868 1239 1125 1278 cognoscere
1156 1241 1321 1267 causas.
1364 1236 1491 1278 1403.

266 1288 461 1338 Femina,
497 1301 596 1328 cosa
626 1288 762 1327 mobil
792 1300 867 1340 per
898 1292 1065 1327 natura.
1104 1297 1205 1339 352.

265 1348 446 1388 Femina
476 1349 498 1387 ὲ
531 1361 631 1387 cosa
662 1347 797 1387 mobil
827 1360 902 1400 per
934 1352 1101 1388 natura.
1139 1357 1240 1400 353.

264 1408 467 1448 Feminea
500 1408 632 1448 tutior
663 1408 780 1447 unda
812 1407 913 1447 fide.
951 1417 1052 1460 354.

263 1468 454 1508 Feminis
485 1467 630 1519 lugere
659 1468 891 1507 honestum
923 1473 1003 1517 est,
1038 1467 1141 1507 viris
1173 1466 1434 1507 meminisse.
1472 1473 1572 1517 723.

262 1528 487 1567 Femmina
517 1529 539 1567 ὲ
571 1541 669 1567 cosa
700 1527 869 1579 garrula
899 1539 921 1566 e
952 1527 1116 1568 fallace.
1154 1536 1254 1580 351.

265 1588 488 1628 Femmine
520 1588 575 1627 da
605 1588 747 1628 conio.
789 1588 917 1640 1653.

263 1649 301 1688 F
304 1653 450 1687 enesta
481 1661 529 1687 ca
559 1648 699 1687 lucive
730 1661 753 1687 e
785 1660 856 1687 mo
888 1659 976 1686 non
1008 1646 1117 1687 luce.
1154 1647 1256 1699 854.

262 1708 527 1760 Feriuntque
558 1720 747 1747 summos
777 1705 783 1762 Ι
811 1706 1012 1747 Fulmina
1042 1712 1226 1747 montes.
1263 1714 1366 1758 955.

263 1768 507 1808 Fermatevi
538 1780 583 1807 se
616 1771 775 1820 potete.
817 1767 947 1808 1826.

266 1828 384 1867 Fert.
426 1835 556 1879 1147.

263 1888 406 1936 Feste,
445 1887 581 1926 farina
613 1900 635 1926 e
667 1887 798 1927 sorca.
835 1896 909 1939 51.

265 1947 442 1987 Festina
473 1947 603 1987 lente.
644 1946 773 1987 1602.

263 2008 362 2047 Fiat
389 2007 557 2059 justitia
588 2010 630 2046 et
660 2011 806 2058 pereat
837 2007 1040 2047 mundus.
1079 2014 1179 2057 572.

266 2068 365 2107 Fiat
394 2067 485 2107 luX.
521 2068 579 2106 Et
609 2066 718 2105 sacta
748 2071 814 2106 est
845 2066 935 2108 lux.
976 2066 1104 2117 1669.

263 2128 362 2167 Fiat
393 2139 527 2166 unum
559 2125 688 2175 ovile,
723 2131 765 2165 et
795 2139 906 2166 unus
940 2131 1100 2180 pastor.
1142 2126 1270 2166 1186.

264 2187 363 2226 Fiat
394 2187 596 2226 voluntas
628 2190 716 2226 tua.
757 2187 885 2237 1609.

262 2247 394 2286 Fides
425 2252 498 2286 tua
530 2252 571 2285 te
603 2247 765 2285 salvam
795 2246 920 2286 facit:
956 2246 1064 2286 vade
1095 2245 1140 2284 in
1171 2257 1289 2297 pace.
1329 2251 1427 2293 172.

263 2306 364 2346 Fidi
395 2303 638 2345 all’insame
668 2319 783 2357 gara.
817 2306 916 2358 738.

263 2366 399 2405 Fidus
430 2366 636 2406 Achates.
670 2374 774 2417 474.

264 2425 378 2477 Figli
410 2426 510 2465 tutti
535 2422 653 2464 d’un
686 2425 780 2464 solo
811 2425 1001 2465 riscatto.
1044 2423 1172 2464 1061.

262 2485 483 2536 Figliuoli,
518 2489 626 2524 state
658 2485 820 2536 allegri.
861 2487 989 2534 1827.

264 2546 400 2595 Φίλος
433 2546 510 2597 μὲν
542 2545 796 2597 Σωκράτης,
830 2545 948 2585 ἀλλὰ
981 2543 1170 2597 φιλτάτη
1203 2542 1231 2595 ἡ
1266 2541 1474 2595 ἀλήθεια.
1515 2549 1642 2591 1441.

262 2604 353 2644 Fils
385 2605 438 2644 de
470 2604 772 2656 Saint-Louis,v
798 2610 968 2644 montez
1001 2616 1055 2642 au
1087 2602 1181 2642 ciel.
1219 2602 1320 2652 864.

263 2664 346 2703 Fin
378 2665 431 2704 de
463 2664 604 2704 siecle.
645 2665 772 2714 1798.
823 2682 827 2688 ·

261 2723 383 2763 Finis
415 2724 626 2763 Poloniae.
662 2733 767 2776 450.
1592 2772 1595 2774 q

260 2784 512 2823 Fiorentino
541 2782 546 2837 Ι
578 2783 641 2821 Mi
672 2782 830 2822 sembri
862 2785 1105 2821 veramente
1136 2776 1297 2833 quand’
1311 2779 1353 2819 io
1387 2775 1417 2818 t’
1431 2777 1531 2818 odo.
1567 2786 1670 2827 911.

262 2843 514 2882 Fiorentino
547 2842 696 2895 spirito
729 2843 938 2882 bizzarro.
974 2841 1077 2891 963.

260 2903 403 2941 Fiorir
434 2902 501 2941 sul
532 2915 629 2942 caro
661 2902 756 2941 viso
785 2900 790 2944 Ι
818 2902 972 2952 Veggo
1004 2900 1045 2939 la
1075 2912 1188 2939 rosa.
1231 2906 1328 2950 145.

260 2962 527 3001 Firmissime.
558 2966 622 3001 est
653 2961 763 3000 inter
796 2974 918 3013 pares
952 2959 1152 2999 amicitia.
1191 2966 1261 3008 70.

260 3021 405 3061 Flavit
435 3021 637 3073 Jehovah
669 3025 711 3060 et
742 3020 939 3072 dissipati
971 3023 1087 3059 sunt.
1130 3028 1257 3070 1341.

258 3080 483 3120 Fluctibus
516 3085 558 3119 et
588 3080 758 3119 fremitu
789 3079 1037 3131 adsurgens,
1074 3079 1255 3126 Benace,
1292 3075 1473 3115 marino.
1508 3075 1611 3124 898.
