2014 3386
57 135 358 218 [nso-1⁷⁵6]
477 163 604 202 Mdi
621 163 895 215 proverbiali
920 177 942 202 e
971 163 1264 202 similitudini
1339 164 1344 170 -
1576 169 1656 214 501

66 348 220 400 1750.
261 331 763 400 Quemadmodum
804 334 1090 388 desiderat
1133 351 1336 387 cervus
1367 335 1441 386 ad
1473 334 1660 387 fontes

336 433 632 484 aquarum.
1213 428 1357 474 (samo
1381 429 1486 470 xm,
1511 441 1547 462 v.
1576 429 1621 472 1).

14 500 19 503 “
68 534 223 586 1751.
265 519 452 572 Notus
490 520 549 571 in
584 521 805 587 Judaea.

53 633 78 672 ὲ
108 633 219 673 srase
247 645 371 686 presa
401 633 472 673 dal
502 633 713 687 principio
744 633 789 673 di
817 646 876 674 un
915 633 1050 674 salmo
1082 633 1242 674 biblico
1274 634 1436 685 (Salmo
1467 634 1660 685 LXXV,

55 720 101 748 v.
141 709 200 760 1):
233 709 377 748 Notus
409 710 455 747 in
474 709 638 762 sudaea
668 709 808 749 Deus.

64 810 219 861 1752.
261 793 439 862 Quasi
478 796 631 847 oliva
670 795 926 863 speciosa
964 795 1024 846 in
1065 795 1298 863 campiS.

888 884 1182 924 (Ecclesiastico,
1207 893 1291 925 cap.
1316 882 1463 922 XXIV,
1488 894 1522 916 v.
1551 883 1615 922 19).

115 953 179 992 La
208 953 415 994 metasora

62 1056 218 1107 1753.
259 1041 451 1094 Pietra
489 1043 639 1094 dello
678 1042 965 1094 seandalo,

50 1155 74 1195 ὲ
105 1155 212 1196 tolta
242 1156 287 1195 di
316 1157 463 1209 pianta
493 1156 605 1197 dalla
634 1156 792 1197 Bibbia
822 1170 905 1198 ove
934 1157 958 1196 e
988 1156 1033 1195 in
1064 1155 1140 1209 piu
1169 1155 1320 1207 luoghi
1351 1155 1551 1209 ripetuta,
1583 1167 1659 1208 per

50 1230 240 1283 esempio
271 1230 316 1270 in
346 1231 476 1276 Bata,
514 1244 609 1284 cap.
643 1231 773 1282 VIII,
808 1243 853 1271 v.
896 1241 973 1282 14:
1008 1231 1062 1269 In
1086 1232 1274 1281 lapidem
1298 1235 1441 1269 autem
1465 1230 1658 1284 offensio-

52 1318 135 1349 nzs,
171 1310 213 1344 et
242 1307 287 1344 in
313 1312 486 1357 petram
516 1307 720 1346 scandali
747 1307 916 1345 duabus
948 1307 1144 1345 domibus
1175 1306 1330 1345 Israel.

63 1425 217 1475 1754.
257 1409 394 1462 Vox
435 1410 736 1463 clamantis
773 1411 832 1462 in
874 1411 1113 1462 desertO.

887 1498 1021 1539 (Isaia,
1046 1508 1130 1539 cap.
1153 1497 1239 1537 XL,
1262 1507 1298 1531 v.
1323 1496 1355 1529 3.
1379 1514 1401 1521 -
1434 1497 1549 1539 Vang.
1573 1495 1617 1528 di

937 1544 973 1576 S.
1001 1542 1202 1583 Giovanni,
1226 1552 1313 1584 cap.
1338 1542 1368 1581 1,
1392 1553 1428 1574 v.
1452 1542 1522 1586 23).

59 1641 213 1693 1755.
254 1627 317 1679 Si
343 1635 565 1681 mutare
587 1636 776 1696 potest
802 1627 1076 1694 AEthiops
1106 1627 1314 1695 pellem
1342 1644 1521 1689 suam,
1557 1634 1656 1678 aut

328 1711 543 1776 pardus
589 1710 896 1762 varietates
942 1727 1098 1761 suas:
1147 1716 1205 1761 et
1252 1726 1354 1761 vos
1397 1708 1658 1777 poteritis

328 1791 666 1844 benefacere
706 1809 837 1844 eum
877 1791 1191 1844 didiceritis
1230 1792 1462 1843 malum.

1016 1877 1215 1922 (Geremia,
1239 1888 1322 1920 cap.
1346 1878 1456 1918 XIII,
1482 1888 1518 1910 v.
1541 1876 1611 1919 23).

47 1969 137 2009 cosi
168 1968 261 2009 dice
291 1968 418 2009 Iddio
448 1982 523 2022 per
554 1970 687 2010 bocca
718 1968 788 2010 del
818 1969 984 2022 profeta
1014 1969 1098 2021 agli
1120 1969 1268 2011 Ebrei.
1293 1971 1356 2010 La
1377 1969 1658 2024 similitudine

47 2048 278 2084 contenuta
307 2043 420 2084 nella
450 2044 587 2097 prima
617 2048 738 2098 parte
769 2043 838 2084 del
869 2048 1057 2084 versetto
1079 2057 1150 2084 era
1172 2048 1275 2084 nota
1296 2044 1431 2086 anche
1451 2045 1492 2085 ai
1512 2045 1653 2087 Greci.

59 2143 214 2206 1756.
257 2141 390 2192 Non
429 2141 741 2210 reliquetur
777 2139 872 2193 hie
902 2140 1049 2209 lapis
1073 2158 1244 2210 super
1267 2141 1518 2209 lapidem
1552 2142 1651 2211 qui

329 2224 670 2276 destruatur,
761 2236 900 2280 (Vang.
923 2237 967 2270 di
980 2238 1017 2270 S.
1037 2238 1202 2279 Matteo,
1225 2248 1311 2281 cap.
1333 2238 1480 2279 xxw,
1504 2250 1541 2272 v.
1565 2239 1611 2280 2).

47 2333 104 2374 da
132 2334 201 2375 0111
229 2347 358 2376 nasce
378 2335 420 2376 la
439 2336 549 2376 srase
569 2347 751 2376 comune
772 2349 859 2376 non
883 2342 1026 2376 restar
1037 2338 1185 2389 pz'etra
1207 2343 1335 2389 sopra
1350 2339 1514 2389 pietra.
1539 2338 1658 2390 Que-

47 2413 113 2449 ste
143 2408 290 2463 parole
320 2422 429 2450 sono
459 2409 533 2462 qui
570 2409 799 2463 precedute
837 2410 949 2450 dalle
986 2409 1116 2451 altret
1150 2410 1290 2449 Amen
1322 2412 1414 2450 dico
1451 2412 1566 2450 vobis
1596 2410 1656 2463 (111

46 2484 182 2524 verita
213 2483 264 2537 vi,
286 2484 399 2537 dico)
429 2484 508 2525 che
538 2484 759 2525 ricorrono
799 2484 1287 2538 frequentissimamente
1328 2481 1656 2539 nell'Evangelo

56 2626 185 2671 1750.
221 2618 353 2658 Come
383 2617 414 2657 il
445 2631 573 2659 cervo
604 2618 798 2659 desidera
828 2618 867 2659 10
898 2618 1070 2659 fontane
1103 2618 1146 2658 di
1177 2630 1326 2671 acqua.

56 2692 185 2736 1751.
219 2684 341 2725 Noto
372 2685 417 2725 in
447 2685 629 2726 Giudea.

56 2758 184 2804 1752.
219 2751 353 2792 Come
382 2763 443 2791 un
473 2749 575 2793 bell’
592 2752 709 2793 olivo
739 2748 809 2793 ne’
825 2752 980 2806 campi.

53 2824 183 2870 1754.
216 2818 281 2858 La
311 2831 417 2859 voce
447 2818 492 2859 di
522 2831 611 2860 11110
642 2818 720 2860 che
750 2818 917 2859 chiama
946 2817 1017 2859 nel
1048 2818 1235 2860 deserto.

55 2890 133 2936 175
142 2893 184 2936 5.
218 2884 274 2925 Se
305 2887 392 2938 ριιὸ
423 2881 455 2925 1’
469 2885 613 2939 etiope
642 2890 783 2926 mutar
814 2898 892 2926 sua
912 2884 1023 2939 pelle
1043 2898 1071 2926 o
1093 2884 1123 2925 il
1144 2885 1279 2939 pardo
1300 2883 1341 2924 la
1363 2884 1526 2926 varieta
1545 2885 1656 2926 delle

284 2964 360 2992 sue
390 2951 595 3003 macchie‚
628 2956 795 3006 potrete
824 2952 897 2992 voi
928 2964 1033 3005 pure
1063 2952 1126 2992 sar
1148 2953 1255 2993 bene
1276 2951 1457 2992 essendo
1476 2952 1654 2993 avvezzi

286 3018 327 3058 al
358 3018 484 3060 male.

54 3084 183 3136 1756.
217 3084 323 3125 Non
352 3086 511 3126 testera
540 3085 615 3139 qui
638 3085 774 3139 pietra
796 3098 924 3139 sopra
943 3085 1081 3139 pietra
1101 3098 1228 3127 senza
1249 3097 1390 3127 essere
1413 3085 1651 3127 sconvolta.
