2014 3386
323 136 407 179 372
931 127 1016 168 Chi
1042 128 1146 168 Z'ha
1175 127 1327 168 detto?
1631 127 1936 184 [1285-1·290]

329 307 484 370 1285.
526 303 729 355 Estote
767 303 946 371 (ergo)
986 302 1300 369 prudentes
1338 301 1487 353 sieut
1525 308 1836 368 serpenteS,
1879 309 1936 354 et

603 392 893 460 simplices
932 392 1081 444 sicut
1119 391 1423 443 columbae.

1102 479 1238 522 (Vang.
1263 478 1307 511 di
1327 479 1365 512 S.
1393 479 1558 520 Matteo,
1582 489 1666 521 cap.
1690 479 1740 519 X,
1763 490 1799 511 v.
1827 478 1892 520 16).

377 579 462 619 Dai
482 577 648 618 classici
671 577 795 618 latini
815 582 1023 618 trarremo
1044 591 1104 617 un
1126 577 1247 617 savio
1269 581 1407 617 motto
1431 576 1509 617 che
1530 582 1692 618 mostra
1711 586 1938 618 comenon

318 654 432 694 basti
452 653 483 692 il
506 652 660 693 merito
683 657 990 705 scompagnato
1015 651 1129 691 dalla
1149 651 1335 703 benigna
1364 651 1537 691 fortuna
1557 651 1612 699 ad
1642 651 1877 692 assicurare
1906 652 1938 692 il

320 741 518 768 successo
550 741 575 767 a
606 726 891 767 chicchessia:

328 850 345 882 1
362 834 483 883 286.
525 829 760 882 Virtute
800 830 963 891 duce,
1006 829 1216 881 comite
1255 829 1503 881 fortuna.

938 917 1186 958 (CICERONE,
1210 917 1334 961 Epist.
1359 917 1412 950 ad
1421 917 1565 961 famil„
1589 917 1656 951 lib.
1681 918 1730 958 X,
1758 927 1820 961 ep.
1844 916 1892 960 3).

316 1017 371 1056 ed
403 1030 462 1056 un
495 1016 704 1068 consiglio
737 1015 935 1069 prezioso
966 1028 1055 1055 non
1087 1028 1163 1068 per
1194 1015 1209 1054 i
1240 1015 1322 1056 soli
1352 1015 1696 1057 commercianti:

327 1124 484 1186 1287.
527 1119 666 1172 Cras
705 1120 894 1182 cred0‚
935 1119 1109 1171 hodie
1149 1119 1309 1171 nihil.

318 1244 477 1288 ch'era
507 1251 767 1287 certamente
798 1246 829 1285 il
861 1246 986 1286 titolo
1019 1246 1290 1299 proverbiale
1329 1246 1373 1286 di
1403 1259 1490 1286 una
1526 1246 1637 1287 delle
1670 1248 1814 1287 Sotz‘re
1843 1260 1939 1301 per-

319 1323 423 1363 dute
454 1322 499 1362 di
530 1323 597 1363 M.
634 1324 878 1362 TERENZIO
910 1322 1172 1362 VARRONE.

378 1399 442 1437 La
475 1397 664 1437 filosofia
686 1397 887 1437 cristiana
909 1397 932 1436 0
954 1401 1066 1436 tutta
1087 1396 1306 1436 rinchiusa
1326 1396 1439 1436 nella
1463 1396 1609 1436 divina
1630 1402 1855 1439 sentenza:

331 1504 486 1553 1288.
529 1499 701 1568 Quod
741 1501 849 1553 tibi
889 1499 1010 1552 fieri
1050 1517 1168 1551 non
1208 1499 1311 1562 viS‚
1356 1500 1517 1551 alteri
1557 1518 1630 1552 ne
1669 1500 1886 1554 feceris,

381 1636 658 1674 LAMPRIDIO
681 1634 795 1675 nella
827 1636 922 1674 Vita
945 1637 997 1674 dz‘
1015 1635 1281 1674 Alessandro
1307 1636 1474 1679 Severo,
1512 1647 1606 1687 cap.
1635 1643 1706 1687 51,
1739 1639 1939 1675 racconta
2009 1676 2014 1686 Ι

319 1709 398 1750 0110
415 1714 569 1762 questo
590 1709 848 1762 imperatore
864 1710 1056 1762 ripeteva
1077 1722 1227 1762 spesso
1244 1710 1299 1749 ad
1315 1709 1400 1750 alta
1417 1722 1523 1749 voce
1543 1714 1697 1761 questa
1718 1714 1936 1760 sentenza,
2009 1694 2014 1739 Ῑ

318 1785 529 1838 imparata
559 1784 630 1824 dai
655 1784 874 1834 Cristiani,
898 1784 939 1823 la
958 1784 1105 1824 faceva
1135 1783 1303 1836 gridare
1323 1783 1672 1836 pubblicamente
1692 1783 1763 1823 dal
1788 1783 1941 1823 bandi·
2006 1797 2014 1838 1

320 1864 413 1901 tore
444 1859 546 1911 ogni
578 1858 697 1899 volta
727 1858 805 1898 che
836 1871 1079 1898 occorresse
1109 1858 1154 1898 di
1185 1857 1337 1911 punire
1361 1857 1529 1908 alcuno,
1557 1870 1580 1898 e
1601 1854 1794 1897 l’amava
1817 1861 1938 1897 tanto
2007 1842 2014 1871 ¹

320 1934 398 1975 che
430 1934 585 1974 ordino
610 1933 646 1973 si
667 1933 875 1973 scrivesse
895 1933 966 1973 nel
987 1933 1163 1986 palazzo
1184 1933 1404 1986 imperiale
1423 1947 1445 1974 e
1467 1934 1537 1973 nei
1564 1932 1757 1986 pubblici
1777 1931 1937 1973 edifici.

379 2010 441 2049 Le
472 2008 629 2060 origini
661 2007 706 2047 di
737 2020 832 2048 essa
865 2020 973 2048 sono
1005 2021 1134 2048 senza
1165 2008 1331 2048 dubbio
1364 2008 1419 2048 da
1448 2007 1627 2048 cercarsi
1658 2007 1730 2047 nel
1749 2010 1939 2046 versetto
2000 2055 2002 2058 v

322 2083 510 2124 biblico:

329 2191 484 2252 1289.
528 2185 699 2253 Quod
739 2187 812 2237 ab
853 2185 964 2236 alio
1013 2185 1200 2237 oderis
1244 2184 1368 2237 fieri
1413 2185 1538 2247 tibi,
1580 2185 1715 2236 vide
1759 2201 1832 2236 ne
1870 2192 1934 2236 tu

598 2276 911 2343 aliquando
952 2275 1116 2327 alteri
1156 2275 1347 2327 facias.

1182 2364 1317 2408 (Libro
1341 2364 1386 2396 di
1412 2363 1538 2404 Tabia,
1562 2373 1645 2406 cap.
1670 2362 1740 2403 IV,
1764 2374 1799 2395 v.
1829 2361 1892 2402 16).

330 2482 485 2530 1290.
528 2464 688 2517 Utile
727 2480 830 2530 per
869 2463 1073 2516 inutile
1112 2480 1230 2515 non
1270 2462 1524 2515 vitiatur.

326 2649 454 2702 1285.
490 2648 606 2689 Siate
631 2647 834 2700 prudenti
855 2661 975 2688 come
997 2648 1011 2687 i
1036 2647 1238 2700 serpenti,
1264 2660 1288 2687 e
1309 2646 1502 2700 semplici
1522 2659 1643 2687 come
1662 2646 1703 2686 le
1723 2645 1935 2687 colombe.

326 2717 454 2757 1286.
490 2717 586 2756 Con
618 2715 658 2755 la
689 2716 805 2755 virtu
837 2728 911 2768 per
935 2715 1086 2767 guida,
1123 2714 1164 2754 13
1194 2715 1366 2755 fortuna
1397 2727 1471 2767 per
1502 2726 1755 2767 compagna.

326 2785 456 2832 1287.
491 2782 680 2822 Domani
713 2782 750 2822 si
780 2783 820 2821 sa
852 2782 1076 2833 credenza,
1111 2782 1211 2834 oggi
1241 2794 1315 2822 no.

326 2850 457 2891 1288.
494 2850 599 2890 Non
630 2850 717 2889 sare
748 2849 802 2889 ad
836 2849 933 2889 altri
965 2849 1065 2902 quel
1096 2848 1174 2888 che
1205 2861 1294 2888 non
1325 2848 1429 2888 vuoi
1449 2848 1527 2888 che
1551 2847 1614 2888 sia
1633 2848 1739 2887 fatto
1762 2861 1787 2887 a
1817 2851 1875 2888 te.

325 2919 456 2967 1289.
493 2916 649 2969 Quello
681 2917 759 2957 che
790 2923 838 2956 tu
869 2929 958 2956 non
991 2916 1095 2956 vuoi
1125 2915 1204 2956 che
1235 2916 1332 2956 altri
1363 2930 1388 2955 a
1418 2920 1460 2955 te
1480 2915 1624 2964 faccia,
1651 2914 1846 2967 guardati
1866 2913 1938 2954 dal

559 2983 667 3023 farlo
698 2983 899 3036 giammai
930 2983 1015 3034 agli
1045 2983 1158 3023 altri.

328 3060 459 3100 1290.
494 3051 546 3089 L’
563 3050 716 3090 inutile
745 3063 834 3090 non
866 3055 1017 3101 guasta
1048 3047 1079 3089 l’
1095 3049 1217 3090 utile.
