2014 3386
299 178 383 220 140
906 167 990 207 Chz·
1017 167 1119 206 l’ha
1149 166 1295 207 detto?

296 340 422 403 496.
463 337 615 388 Date
655 354 734 387 un
774 337 943 387 obolo
983 354 1017 387 a
1055 335 1348 388 BelisariO.

351 467 429 505 Ma
453 469 565 505 tutto
589 470 742 517 questo
763 465 786 503 e
808 463 937 504 salso:
965 465 988 504 ὲ
1019 464 1142 504 bensi
1165 477 1267 503 vero
1289 463 1366 504 che
1389 451 1596 504 Belisario
1619 464 1753 505 cadde
1772 465 1818 504 in
1842 465 1906 504 di-

293 541 454 593 sgrazia
475 537 576 580 dell'
589 541 860 593 imperatore,
885 553 954 579 ma
971 540 1086 593 dopo
1105 540 1186 580 soli
1207 544 1313 580 sette
1331 540 1436 580 mesi
1454 540 1498 579 su
1514 540 1772 592 reintegrato
1793 540 1907 591 negli

291 615 451 655 antichi
482 614 623 664 onori,
658 628 680 654 e
711 615 821 653 mori
851 627 960 666 poco
992 613 1108 666 dopo
1141 614 1299 665 (marzo
1333 613 1450 666 565).
1487 614 1547 652 La
1568 613 1775 665 leggenda
1799 612 1907 653 deve

291 702 431 729 essere
462 693 571 729 stata
603 701 750 741 sparsa
782 688 853 727 dal
895 701 1075 727 monaco
1117 688 1337 727 bizantino
1380 688 1628 736 GIOVANM
1659 688 1847 727 TZETZA
1876 686 1907 725 il

292 763 417 817 quale
449 764 560 803 nella
592 764 663 802 III
695 762 889 803 Chiliade
920 762 1030 802 delle
1068 763 1208 801 Varz'oe
1229 763 1438 801 Hz‘storz‘oe
1460 763 1568 814 (cap.
1594 760 1902 811 LXXXVIII,

290 839 404 879 versi
437 839 647 890 339-348)
678 839 768 877 cosi
799 838 951 887 scrive,
980 837 1166 877 secondo
1188 837 1228 876 la
1250 837 1500 877 traduzione
1524 837 1714 877 letterale
1735 836 1805 876 del
1824 837 1907 875 La-

291 913 415 953 cisio:
448 930 467 950 «
489 913 578 953 Iste
611 912 843 952 Belisarius
875 912 1106 964 imperator
1127 924 1321 963 magnus,
1349 911 1630 964 Justinianeis
1656 911 1841 951 existens
1863 911 1907 950 in

291 989 556 1041 temporibus
581 988 824 1040 imperator,
852 987 904 1027 ad
929 999 1100 1026 omnem
1121 987 1401 1039 quadrantem
1424 991 1545 1026 terrae
1569 1000 1664 1026 cum
1682 986 1906 1039 explicuis-

291 1067 355 1103 set
378 1063 592 1111 victorias,
622 1066 773 1114 postea
796 1061 959 1101 invidia
984 1062 1224 1101 obcaecatus
1251 1064 1292 1114 (ο
1315 1062 1529 1101 fortunam
1550 1061 1808 1113 instabilem)
1831 1074 1908 1114 po-

291 1137 433 1178 culum
449 1137 638 1189 ligneum
661 1136 873 1186 detinens,
898 1136 1108 1176 clamabat
1128 1137 1172 1175 in
1194 1137 1356 1177 stadio:
1383 1137 1599 1176 Belz'sario
1621 1138 1793 1176 obulum
1809 1138 1908 1175 date

293 1213 566 1264 imperatori,
591 1224 717 1264 quem
743 1212 913 1251 fortuna
934 1211 1108 1263 quidem
1131 1211 1291 1251 clarum
1315 1212 1412 1252 fecit
1436 1217 1619 1252 excaecat
1639 1217 1780 1252 autem
1797 1211 1908 1250 invi-
1941 1235 1943 1237 ·

292 1287 377 1328 dia.
401 1287 490 1326 Alii
515 1287 663 1326 dicunt
686 1286 892 1337 chronici,
918 1299 1008 1326 non
1024 1291 1282 1326 excaecatum
1303 1287 1434 1326 fuisse
1455 1286 1586 1337 hunc,
1613 1299 1664 1326 ex
1686 1285 1908 1326 honoratis

291 1366 434 1401 autem
465 1361 665 1401 infamem
699 1365 916 1413 postremo
947 1361 1104 1400 sactum
1136 1373 1246 1411 esse,
1281 1365 1322 1401 et
1343 1361 1497 1401 iterum
1518 1360 1573 1400 ad
1593 1360 1907 1400 revocationem

291 1434 604 1474 exstimationis
637 1434 807 1474 venisse
838 1434 1010 1487 prioris.
1032 1450 1051 1471 »
1081 1424 1120 1474 E
1151 1434 1377 1487 probabile
1408 1434 1486 1474 che
1516 1434 1560 1474 10
1592 1434 1752 1474 Tzetza
1782 1432 1910 1473 abbia

290 1509 469 1549 confuso
501 1508 709 1548 Belisario
753 1521 834 1548 con
877 1508 1094 1548 Giovanni
1136 1509 1180 1548 di
1212 1509 1497 1562 Cappadocia,
1530 1507 1561 1547 il
1603 1508 1729 1560 quale
1767 1506 1907 1547 insatti

292 1583 426 1623 cadde
457 1583 502 1623 in
533 1583 743 1634 disgrazia
775 1579 875 1622 dell’
895 1583 1165 1636 imperatore,
1203 1596 1226 1623 e
1258 1583 1295 1623 si
1324 1583 1492 1624 ridusse
1516 1598 1542 1623 a
1565 1583 1759 1623 chiedere
1779 1582 1819 1622 la
1841 1595 1908 1621 ca-

292 1659 374 1698 rita
405 1671 480 1711 per
512 1658 675 1698 vivere.

352 1733 399 1773 Si
430 1732 587 1772 ricordi
617 1745 723 1785 pure
754 1732 795 1772 la
825 1732 1067 1772 miseranda
1100 1733 1185 1773 fine
1218 1733 1262 1772 di
1294 1733 1424 1773 Troia
1456 1733 1500 1772 di
1530 1733 1599 1773 cui

298 1851 424 1902 497.
690 1836 883 1888 Etiam
924 1837 1143 1903 periere
1185 1837 1383 1889 ruinae.

1078 1933 1284 1972 (LUCANO,
1308 1932 1505 1974 Farsalia,
1528 1931 1594 1964 lib.
1619 1932 1685 1972 IX,
1709 1943 1744 1964 v.
1771 1931 1862 1972 968).

353 2031 506 2071 Anche
538 2030 648 2071 nelle
687 2044 837 2082 guerre
876 2045 996 2072 come
1035 2031 1145 2072 nelle
1177 2032 1342 2084 private
1381 2030 1568 2080 tenzoni,
1611 2030 1652 2070 la
1682 2029 1855 2071 vittoria
1885 2030 1907 2068 ὲ

294 2118 443 2159 spesso
477 2106 618 2145 decisa
650 2105 763 2145 dalla
793 2106 990 2146 fortuna:
1026 2106 1291 2146 nondimeno

298 2214 422 2276 498.
485 2211 570 2261 Fu
611 2211 652 2261 il
691 2210 890 2261 vincer
928 2228 1152 2278 sempre
1192 2211 1306 2261 mai
1345 2210 1603 2261 laudabil
1643 2227 1791 2271 cosa,

559 2299 797 2352 Vincasi
838 2318 871 2351 o
911 2318 1013 2367 per
1053 2300 1283 2351 fortuna
1323 2318 1355 2350 o
1395 2318 1497 2368 per
1536 2300 1809 2368 ingegno.

905 2395 1130 2439 (Ακιοετο,
1158 2395 1329 2428 Orlando
1345 2395 1519 2438 furioso,
1543 2405 1572 2427 c.
1597 2394 1686 2434 XV,
1711 2398 1782 2427 ott.
1810 2393 1858 2435 1).

295 2507 471 2543 ovvero,
510 2507 630 2534 come
662 2506 837 2534 osserva
867 2494 897 2533 il
929 2495 1277 2534 MACHIAVELLI
1309 2496 1350 2546 (o
1381 2507 1456 2547 per
1489 2507 1626 2534 essere
1657 2494 1732 2546 piu
1762 2493 1900 2543 esatti,

294 2565 505 2620 com'egli
536 2569 576 2607 sa
608 2569 698 2608 dire
730 2582 754 2608 a
785 2581 873 2609 uno
905 2570 974 2608 dei
1006 2569 1211 2622 popolani
1244 2569 1460 2609 florentini
1496 2569 1573 2609 che
1604 2569 1734 2609 eccita
1764 2568 1779 2607 i
1810 2568 1906 2608 suoi

291 2644 518 2696 compagni
550 2657 574 2683 a
604 2643 819 2683 ribellarsi‘
846 2644 929 2684 alla
961 2643 1200 2699 Signoria):

299 2771 422 2819 499.
466 2752 669 2805 Coloro
709 2755 816 2805 che
844 2753 1107 2816 vincono‚
1138 2756 1195 2806 in
1226 2756 1556 2822 qualunque
1583 2755 1754 2806 modo
1779 2754 1906 2806 vin-

524 2860 684 2905 ΟὲὶῙΊΟ,
727 2842 842 2893 mai
881 2860 998 2893 non
1037 2860 1111 2894 ne
1150 2845 1442 2910 riportano
1483 2859 1797 2910 VergOgna.

1361 2938 1520 2980 (Istorie
1544 2937 1666 2978 Fior„
1688 2936 1752 2969 lib.
1776 2936 1859 2980 111).

299 3094 402 3137 497.
436 3087 507 3125 Ne
539 3087 763 3139 sparirono
795 3087 961 3140 perfino
992 3088 1032 3128 le
1063 3088 1228 3129 rovine.
