2014 3386
267 136 354 177 600
852 138 1000 176 Indice
1031 138 1142 176 delle
1161 137 1290 190 frasi
1904 110 1907 114 Ι
1971 69 2014 187 [A

265 305 424 346 Mulier
455 319 550 346 cum
582 305 674 346 sola
704 305 861 357 cogitat
893 306 1002 346 male
1033 306 1205 358 cogitat.
1243 315 1344 360 359.

266 366 470 405 Mulieres
503 366 548 405 in
578 365 765 406 ecclesiis
797 371 979 406 taceant.
1017 366 1118 417 360.

266 425 423 465 Mulier
456 431 568 465 recte
600 425 703 475 olet,
739 426 814 465 ubi
844 425 951 465 nihil
984 426 1087 466 olet.
1125 426 1226 478 380.

265 486 419 525 Multae
451 491 492 525 te
523 485 657 525 literae
690 485 744 525 ad
774 485 984 525 insaniam
1016 490 1289 526 convertunt.
1331 486 1457 538 1482.

266 546 407 584 Multa
439 545 572 596 magis
604 558 732 597 quam
758 545 989 585 multorum
1021 545 1205 586 lectione
1235 547 1459 586 formanda
1490 558 1626 586 mens.
1667 553 1796 598 1407.

266 605 407 644 Multa
437 610 713 645 renascentur
742 617 840 657 quae
868 605 957 658 jam
990 605 1193 646 cecidere.
1235 614 1362 657 1523.

266 660 407 704 Multa
438 665 551 715 tulit,
584 665 767 717 fecitque
799 678 917 717 puer,
954 665 1126 704 sudavit
1146 670 1198 705 ‘et
1229 665 1342 706 alsit.
1384 665 1511 713 1698.

264 724 397 764 Multi
428 730 569 764 autem
602 729 726 764 erunt
756 725 882 777 primi
913 725 1138 764 novissimi
1170 730 1211 765 et
1241 725 1467 765 novissimi
1497 723 1640 778 primi.-
1679 734 1779 776 230.

265 784 398 824 Multi
429 790 528 824 sunt
559 785 717 834 vocati,
752 785 874 836 pauci
908 798 1010 825 vero
1041 785 1179 826 electi.
1217 796 1319 837 231.

265 844 503 884 Multitudo
535 857 622 884 non
655 850 720 884 est
751 845 984 896 sequenda.
1026 855 1154 885 1222.

266 905 459 944 Mundus
490 904 585 944 vult
616 904 768 957 decipi,
805 917 906 956 ergo
939 904 1190 957 decipiatur.
1227 911 1328 957 507.

265 965 481 1017 Muojono
514 964 554 1004 le
585 965 699 1014 citta‚
735 965 944 1018 muojono
975 965 990 1004 i
1021 964 1156 1016 regni.
1192 964 1296 1015 832.

266 1026 438 1074 Muora,
477 1037 643 1065 muora.
679 1032 782 1076 447.

265 1086 422 1124 Muore
453 1097 511 1123 un
544 1085 738 1135 brigante
769 1097 791 1124 e
823 1097 948 1123 nasce
980 1094 1039 1124 un
1070 1083 1261 1124 liberale.
1301 1091 1399 1135 740.

266 1145 437 1184 Mutato
467 1144 642 1184 nomine
674 1144 727 1184 de
759 1149 800 1184 te
831 1144 976 1184 sabula
1005 1148 1219 1184 narratur.
1259 1142 1389 1185 1816.

265 1261 392 1302 Nach
424 1263 616 1303 Canossa
646 1262 785 1314 gehen
815 1262 893 1302 wir
924 1261 1059 1302 nicht.
1097 1264 1200 1314 328.

265 1323 382 1362 Nam
414 1323 576 1375 paritur
607 1336 690 1390 pax
722 1322 854 1363 bello.
891 1322 994 1363 662.

267 1383 382 1422 Nam
414 1383 597 1435 praevisa
628 1383 769 1422 minus
800 1382 955 1422 laedere
987 1381 1069 1422 tela
1101 1382 1255 1422 solent.
1296 1381 1423 1433 1156.

266 1443 382 1482 Ν3111
414 1449 487 1482 tua
518 1456 584 1482 res
615 1443 770 1493 agitur,
805 1443 942 1495 paries
975 1455 1070 1482 cum
1102 1443 1324 1495 proximus
1356 1441 1491 1482 ardet.
1529 1450 1631 1493 332.

267 1503 382 1542 Nam
414 1503 529 1542 vitiis
560 1516 686 1542 nemo
718 1503 809 1542 sine
839 1502 1043 1542 nascitur.
1087 1503 1214 1543 1660.

266 1563 429 1612 Nanni,
468 1563 503 1602 si
534 1576 580 1602 ce
611 1575 765 1614 penzo,
799 1576 912 1602 mme
943 1574 1051 1602 vene
1082 1575 1138 1601 na
1169 1575 1282 1602 cosa.
1323 1561 1452 1602 1881.

266 1623 400 1662 Natio
431 1623 565 1673 borgo
598 1622 831 1673 selvaggio.
867 1632 971 1674 914.

267 1683 433 1722 Nation
465 1683 515 1722 of
541 1682 848 1734 shopkeepers.
883 1689 986 1733 937.

267 1743 434 1782 Natura
467 1741 669 1781 abhorret
700 1755 898 1781 vacuum.
936 1751 1037 1791 299.

267 1803 447 1842 Naturae
482 1802 672 1853 sequitur
705 1802 867 1842 semina
897 1801 1056 1853 quique
1088 1813 1195 1839 s-uae.
1229 1799 1331 1849 871.

267 1863 434 1902 Natura
466 1861 498 1900 il
527 1862 631 1910 fece,
667 1875 690 1901 e
721 1861 795 1914 poi
829 1874 963 1913 roppe
995 1861 1036 1900 13
1067 1865 1247 1912 stampa.
1288 1858 1386 1911 148.
2011 1897 2014 1904 ,

266 1922 435 1962 Natura
465 1921 511 1960 in
542 1921 861 1974 operationibus
894 1921 982 1960 suis
1014 1933 1102 1959 non
1133 1920 1231 1959 facit
1263 1919 1433 1958 saltum.
1470 1928 1572 1969 300.
1867 1934 1871 1938 ⁴
1988 1942 2014 1972 4,

268 1983 441 2022 Natura*
467 1982 651 2020 maxime
682 1981 874 2020 miranda
905 1981 950 2019 in
982 1980 1185 2020 minimis.
1226 1989 1354 2030 1310.
1950 1983 1952 1986 '
2011 1974 2014 1996 ³

266 2042 478 2082 Naturam
511 2041 697 2094 expelles
728 2041 860 2091 furca,
894 2045 1037 2080 tamen
1067 2052 1205 2092 usque
1236 2042 1436 2078 recurret.
1474 2046 1546 2090 35.

268 2102 436 2142 Natura
467 2113 556 2140 non
586 2101 686 2141 facit
717 2101 865 2141 saltus.
903 2110 1005 2151 300.

267 2162 339 2200 Ne
371 2161 572 2214 apostati,
606 2162 660 2200 ne
691 2160 846 2200 ribelli.
883 2160 986 2210 632.

268 2222 362 2261 Nec
392 2221 523 2260 habet
554 2225 733 2260 eventus
767 2219 941 2260 sordida
971 2218 1118 2271 praeda
1149 2218 1305 2259 bonos.
1342 2216 1444 2256 266.

267 2282 361 2321 Nec
393 2280 502 2320 male
534 2280 647 2319 olere
679 2279 785 2319 mihi
815 2293 894 2319 nec
926 2280 1034 2318 bene
1066 2278 1180 2317 olere
1210 2278 1363 2330 placet.
1405 2276 1532 2327 1625.

267 2343 362 2380 Nec
393 2341 532 2380 minor
563 2345 628 2380 est
659 2340 795 2379 virtus
826 2353 955 2392 quam
987 2351 1194 2390 quaerere,
1228 2342 1349 2391 parta
1379 2335 1504 2376 tueri.
1541 2334 1645 2385 692.

267 2402 363 2440 Nec
394 2400 490 2453 plus
522 2400 650 2440 ultra.
692 2399 820 2441 1680.

268 2462 363 2500 Nec
395 2473 572 2512 possum
605 2465 744 2499 tecum
777 2458 936 2506 vivere,
973 2469 1051 2496 nec
1083 2457 1174 2497 sine
1206 2461 1264 2497 te.
1303 2464 1373 2506 79.

269 2521 363 2560 Nec
396 2520 501 2559 scire
534 2519 593 2558 sas
626 2524 691 2558 est
722 2518 881 2558 omnia.
924 2525 1054 2567 1397.

268 2582 362 2619 Nec
395 2579 485 2618 sine
517 2584 575 2628 te,
610 2592 687 2618 nec
719 2583 858 2618 tecum
889 2578 1036 2616 vivere
1067 2588 1259 2628 possum.
1296 2575 1368 2615 80.

268 2641 363 2679 Nec
395 2639 502 2678 vixit
534 2639 642 2678 male
673 2638 748 2690 qui
779 2643 904 2683 natus
937 2636 1208 2687 moriensque
1239 2634 1402 2674 fefellit.
1439 2634 1540 2684 258.

267 2700 338 2738 Ne
369 2699 439 2738 del
470 2698 601 2748 vulgo
634 2698 692 2737 mi
724 2697 788 2737 cal
818 2698 872 2737 ne
904 2696 948 2735 di
979 2697 1165 2736 fortuna.
1207 2695 1335 2746 1363.

270 2760 338 2797 Ne
370 2758 539 2798 elettori
570 2770 623 2796 ne
655 2757 787 2797 eletti.
823 2757 926 2807 632.
981 2791 983 2795 .

269 2818 355 2857 Nei
386 2818 484 2857 miei
516 2817 635 2868 regni
666 2829 755 2856 non
787 2820 1000 2855 tramonta
1031 2813 1116 2853 mai
1146 2813 1176 2852 il
1207 2813 1313 2852 sole.
1349 2820 1452 2864 950.

267 2877 355 2916 Nel
386 2877 569 2916 cammin
601 2876 645 2914 di
675 2881 823 2916 nostra
854 2876 942 2914 vita
971 2874 976 2929 Ι
1005 2875 1143 2914 Senza
1173 2873 1187 2912 i
1218 2873 1280 2911 rai
1311 2871 1380 2910 del
1419 2870 1498 2910 ciel
1529 2873 1708 2909 cortese.
1749 2865 1878 2918 1318.

268 2937 355 2976 Nel
387 2937 507 2976 dolce
540 2941 684 2988 tempo
717 2935 828 2975 della
858 2935 995 2986 prima
1027 2933 1164 2973 etade.
1203 2940 1304 2983 534.

269 2996 355 3035 Nel
386 2996 523 3047 fuggir
555 2995 625 3034 del
657 2995 746 3035 sole
774 2993 780 3049 Ι
808 2996 872 3033 La
902 2994 1025 3033 ruina
1056 2992 1126 3031 del
1156 2991 1317 3031 mondo
1349 2988 1587 3029 manifesta.
1624 2996 1725 3039 523.

268 3055 398 3095 Νο113
427 3056 570 3094 chiesa
600 3051 665 3094 co’
683 3054 811 3102 santi,
845 3067 868 3093 e
898 3054 940 3092 in
974 3058 1150 3092 taverna
1181 3064 1231 3091 co
1237 3047 1494 3101 ’ghiottoni.
1531 3058 1633 3087 220.
