2014 3386
521 639 798 692 INDICE
839 640 1100 691 DELLE
1141 639 1389 691 FRASI

628 869 659 901 11
685 879 846 902 nurnero
872 869 946 902 che
970 878 1102 921 segqu·
1121 868 1158 901 la
1181 867 1287 901 frase

408 944 440 977 si
466 942 643 977 riferisce
667 944 704 976 al
729 954 892 977 numero
917 943 1176 987 progressive
1201 942 1303 976 delle
1330 941 1515 976 citazioni

157 1210 200 1258 A
230 1231 392 1258 aucuns
422 1218 484 1258 les
517 1218 637 1258 biens
669 1218 873 1259 viennent
903 1231 958 1259 en
990 1219 1204 1260 dormant.
1240 1230 1344 1271 491.

155 1281 200 1318 A
231 1278 459 1318 battesimo
490 1279 615 1318 suoni
646 1291 673 1318 o
703 1292 728 1318 a
758 1279 963 1320 funerale.
1003 1287 1103 1331 740.

157 1339 232 1378 Ab
263 1339 375 1390 Jove
405 1338 677 1390 principium.
717 1338 845 1389 1306.

158 1397 303 1437 Ablue
334 1402 520 1450 peccata,
553 1410 642 1437 non
674 1397 812 1437 solum
843 1398 1008 1438 faciem.
1042 1409 1146 1449 990.

158 1457 232 1496 Ab
263 1469 349 1496 ovo
375 1455 382 1501 Ι
409 1458 559 1509 Usque
590 1457 646 1496 ad
676 1457 801 1498 mala.
840 1457 968 1507 1767.

159 1516 363 1556 Abruzzo
394 1516 502 1556 sorte
532 1529 555 1556 e
585 1516 758 1568 gentile.
792 1527 895 1568 923.

158 1576 305 1615 Absit
319 1575 475 1628 injuria
506 1576 654 1616 verbo.
694 1583 794 1628 755.

158 1636 233 1675 Ab
262 1648 350 1675 uno
374 1635 490 1674 disce
520 1648 683 1675 omnes.
720 1645 822 1685 209.

158 1696 358 1748 Abyssus
389 1695 592 1748 abyssum
622 1695 809 1735 invocat.
850 1694 977 1747 1656.

158 1757 201 1794 A
231 1767 326 1804 can,
359 1754 437 1794 che
466 1754 579 1793 lecca
611 1767 759 1794 cenete
786 1753 795 1810 Ι
821 1755 926 1794 Non
957 1753 1016 1806 gli
1049 1754 1155 1794 fidat
1186 1754 1336 1794 farina.
1378 1754 1506 1804 1667.

158 1817 202 1854 A
231 1813 396 1853 cavallo
427 1810 542 1853 d'un
575 1813 711 1854 caval.
752 1823 881 1865 1923.

159 1873 318 1925 Accipe
347 1885 462 1912 nunc
492 1873 691 1912 Danaum
721 1873 898 1912 insidias
929 1878 971 1913 et
1002 1873 1176 1913 crimine
1208 1873 1262 1912 ab
1293 1885 1397 1913 uno.
1434 1883 1537 1923 209.

158 1935 202 1973 A
230 1932 300 1972 chi
328 1938 480 1972 natura
508 1945 598 1972 non
627 1932 670 1972 lo
701 1932 815 1973 volle
846 1933 936 1972 dire
964 1934 970 1987 1
997 1933 1088 1973 Nol
1120 1933 1257 1972 dirian
1288 1932 1403 1972 mille
1427 1932 1560 1972 Ateni
1589 1944 1612 1972 e
1643 1932 1758 1972 mille

222 1992 382 2032 Rome.
420 2000 520 2042 702.

158 2053 202 2091 A
231 2051 301 2091 chi
330 2064 390 2091 un
421 2051 618 2102 segreto?
651 2051 725 2090 Ad
756 2063 815 2090 un
846 2050 1055 2102 bugiardo
1087 2065 1113 2091 o
1145 2065 1169 2090 a
1200 2063 1259 2090 un
1291 2054 1427 2090 muto.
1468 2059 1596 2101 1027.

161 2114 201 2151 A
230 2111 392 2163 compir
422 2110 463 2149 le
493 2110 604 2150 belle
633 2110 830 2163 imprese.
871 2110 999 2161 1318.

159 2172 203 2209 A
233 2169 490 2210 consolarmi
519 2169 718 2209 affrettati
746 2167 752 2224 1
780 2170 818 2210 O
850 2169 1000 2221 giorno
1032 2169 1260 2223 sospitato.
1298 2178 1399 2222 533.

159 2232 314 2282 Aequa
343 2229 425 2269 alle
455 2229 598 2269 corde.
638 2238 767 2280 1359.

162 2288 329 2341 Adagio
359 2288 470 2328 nelle
500 2288 677 2329 voltate.
717 2288 844 2339 1894.

161 2348 236 2387 Ad
266 2347 463 2388 calendas
494 2359 667 2397 graecas.
708 2347 836 2397 1760.

162 2407 308 2447 Addio
339 2407 409 2446 del
440 2412 611 2460 passato
637 2407 644 2458 Ι
672 2407 750 2446 Bei
781 2406 904 2457 sogni
935 2406 1106 2446 ridenti.
1143 2417 1244 2459 243.

161 2466 327 2517 Addio,
360 2467 445 2506 mia
474 2465 602 2515 bella,
635 2466 779 2507 addio.
813 2466 916 2516 673.

161 2525 310 2566 Addio
340 2526 425 2565 mia
455 2525 566 2565 bella
596 2525 773 2578 Napoli.
807 2526 910 2577 824.

162 2585 384 2634 Adelante,
421 2585 578 2633 Pedm,
614 2598 694 2625 con
722 2584 1038 2653 juicio.1300.

163 2645 306 2685 Adess
337 2644 435 2685 disi.
476 2652 603 2693 1727.

162 2704 397 2756 Adgnosco
428 2703 583 2743 veteris
615 2701 795 2754 vestigia
826 2702 1026 2743 flammae.
1064 2710 1134 2754 74.

163 2763 236 2803 Ad
265 2776 439 2814 graecas,
473 2763 586 2802 bone
616 2775 706 2811 rex,
743 2761 846 2801 fient
875 2763 1075 2802 mandata
1106 2761 1320 2803 calendas.
1361 2761 1489 2811 1760.

164 2821 321 2862 Adhuc
351 2823 433 2862 sub
460 2822 603 2875 judice
634 2821 686 2860 lis
717 2826 797 2862 est.
834 2822 934 2873 585.

164 2881 321 2930 Adieu‚
354 2881 495 2931 adico,
530 2893 601 2933 my
632 2880 775 2920 native
806 2879 949 2920 shore.
988 2879 1116 2929 1087.

164 2940 239 2981 Ad
267 2940 469 2993 majorem
502 2941 585 2981 Dei
615 2940 807 2991 gloriam.
848 2939 975 2991 1326.

164 3001 208 3039 A
239 2999 383 3039 donna
413 3012 501 3039 non
533 3000 567 3039 si
599 2999 640 3039 sa
670 2998 859 3051 maggior
891 2998 1094 3051 dispetto.
1131 2999 1232 3049 384.
