2014 3386
730 135 878 173 Indice
908 135 1019 173 delle
1037 135 1167 187 frasi
1665 134 1715 174 61
1729 145 1744 174 1

147 307 312 359 Questo
342 305 365 344 ὲ
396 303 427 343 il
457 316 581 344 rosso
612 303 658 343 di
689 304 759 356 pel
789 304 975 344 Foscolo
1007 304 1144 346 detto.
1185 315 1313 357 1139.

146 367 310 419 Questo
340 364 513 403 mestier
543 363 704 402 davver
735 376 825 403 non
856 365 879 403 ὲ
911 376 987 416 per
1018 369 1075 404 te.
1115 364 1214 413 762.

146 426 311 478 Questo
331 423 446 463 secol
468 428 626 471 morto,
650 423 690 462 al
711 423 835 475 quale
859 424 1058 463 incombe
1084 422 1090 473 ί
1119 425 1258 464 Tanta
1278 424 1437 464 nebbia
1457 423 1501 462 di
1522 423 1654 465 tedio.
1676 431 1748 476 57.

146 483 259 537 Quia
285 483 331 522 in
363 487 571 523 aeternum
600 495 690 522 non
721 483 1076 523 commovebitur.
1114 491 1215 535 307.

147 543 234 596 Qui
262 548 375 582 amat
406 542 639 594 periculum
671 542 715 581 in
747 542 821 582 illo
853 543 1025 595 peribit.
1065 543 1193 584 1218.

146 603 259 656 Quia
286 614 376 641 non
406 602 486 641 erit
515 601 782 653 impossibile
814 602 931 655 apud
961 602 1103 641 Deum
1136 611 1264 642 omne
1295 603 1490 642 verbum.
1531 612 1660 653 1320.

145 662 257 715 Quia
286 666 462 701 ventum
494 662 767 700 seminabunt
798 666 841 700 et
872 662 1086 701 turbinem
1118 665 1293 703 metent.
1329 662 1432 712 641.

146 721 233 774 Qui
263 720 359 760 bale
389 733 488 760 sans
520 733 597 760 son
627 721 633 774 Ι
661 720 918 761 Ressemble
949 722 1133 761 Babion.
1174 730 1302 771 1790.
1799 765 1801 767 ,

145 781 261 834 Quid
290 785 431 820 autem
462 780 666 820 festucam
697 781 743 819 in
774 780 898 820 oculo
929 781 1070 820 fratris
1103 780 1167 821 tui
1197 785 1240 821 et
1271 781 1435 821 trabem
1457 780 1502 819 in
1525 780 1652 820 oculo
1674 784 1750 820 tuo

204 852 295 880 non
326 839 480 880 vides?
519 839 646 892 1658.
1089 888 1097 893 .

147 900 279 952 Quid,
313 899 367 939 de
396 911 569 951 quoque
599 899 693 939 viro
725 903 767 938 et
798 898 866 938 cui
898 899 1029 947 dieas,
1065 912 1179 952 saepe
1211 899 1374 940 videto.
1414 910 1542 952 1023.

145 959 233 1012 Qui
263 958 475 999 desiderat
506 971 670 1011 pacem,
704 963 915 1011 praeparet
947 958 1123 1001 bellum.
1160 958 1263 1000 662.
1433 954 1437 957 ’

147 1019 234 1072 Qui
265 1019 319 1058 de
349 1023 461 1058 terra
492 1022 571 1066 est,
607 1019 660 1057 de
693 1023 803 1058 terra
836 1017 1041 1070 loquitur.
1083 1019 1212 1068 1276.

146 1078 233 1131 Qui
264 1078 407 1118 diable
437 1083 570 1118 est-ce
602 1078 714 1117 donc
745 1073 884 1130 qu'on
916 1082 1083 1130 trompe
1114 1078 1204 1119 ici?
1239 1087 1340 1130 510.

147 1138 263 1190 Quid
294 1150 362 1177 me
394 1137 479 1178 alta
510 1137 679 1177 silentia
709 1137 825 1189 cogis
853 1136 860 1192 Ι
888 1137 1145 1189 Rumpere?
1184 1147 1311 1189 1040.

147 1197 264 1250 Quid
294 1209 383 1237 non
415 1197 608 1236 mortalia
640 1202 813 1249 pectora
843 1196 977 1248 cogis,
1012 1197 1103 1236 auri
1135 1210 1253 1237 sacra
1283 1197 1431 1237 fames.
1473 1204 1571 1246 127.

149 1257 267 1309 Quid
296 1257 399 1296 novi
431 1270 482 1296 ex
514 1257 688 1297 Africa?
723 1265 825 1308 947.

147 1316 234 1369 Qui
265 1316 408 1356 donne
438 1329 520 1355 aux
553 1328 753 1368 pauvres.
787 1316 906 1368 prete
937 1317 961 1355 a
991 1315 1120 1356 Dieu.
1161 1316 1259 1367 158.

148 1375 371 1428 Quidquid
401 1375 581 1415 delirant
612 1377 773 1427 Reges,
809 1375 1051 1428 plectuntur
1082 1375 1255 1415 Achivi.
1296 1375 1423 1415 1262.

148 1434 371 1487 Quidquid
401 1436 483 1475 sub
514 1440 625 1474 terra
655 1440 732 1483 est,
768 1435 813 1474 in
844 1435 1034 1487 apricum
1066 1435 1251 1487 proferet
1282 1440 1401 1475 aetas.
1442 1434 1570 1487 1526.

148 1495 265 1547 Quid
295 1495 454 1534 Romae
486 1494 666 1535 faciam?
700 1494 876 1534 Mentiri
907 1494 1068 1534 nescio.
1109 1505 1239 1547 1440.

148 1554 266 1607 Quid
297 1554 352 1593 sit
382 1554 573 1593 futurum
604 1567 712 1603 cras,
746 1554 844 1605 fuge
874 1566 1080 1606 quaerere.
1121 1554 1250 1604 1396.

149 1613 235 1666 Qui
265 1625 289 1652 e
319 1626 426 1653 nuce
457 1613 655 1653 nucleum
688 1626 781 1653 esse
811 1613 917 1662 volt,
955 1612 1111 1664 frangit
1142 1626 1310 1653 nucem.
1353 1623 1482 1665 1294.

149 1673 236 1726 Qui
269 1672 332 1722 fit,
370 1674 602 1722 Maecenas,
638 1677 685 1712 ut
715 1685 857 1722 nemo,
894 1686 1021 1725 quam
1055 1672 1137 1712 sibi
1169 1678 1343 1713 sortem.
1381 1683 1483 1726 259.

148 1732 236 1785 Qui
265 1732 382 1783 giace
412 1729 602 1772 l’Aretin
633 1739 761 1784 poeta
793 1737 930 1772 tosco.
970 1733 1098 1782 1136.

148 1792 235 1844 Qui
264 1791 381 1843 giace
410 1804 469 1831 un
502 1792 728 1832 Cardinale
755 1792 761 1844 1
790 1791 884 1833 Che
914 1788 1050 1844 se’piu
1081 1791 1167 1831 mal
1197 1791 1275 1831 che
1306 1792 1432 1832 bene.
1474 1792 1600 1844 1874.

149 1851 235 1903 Qui
265 1851 396 1891 habet
426 1864 549 1891 aures
582 1851 802 1901 audiendi,
835 1851 996 1891 audiat.
1037 1862 1166 1902 1224.

149 1907 293 1963 Qu'ils
325 1911 464 1951 soient
494 1923 541 1950 ce
570 1908 703 1963 qu'ils
735 1915 834 1951 sont
864 1924 920 1951 ou
951 1908 1083 1963 qu’ils
1114 1924 1167 1950 ne
1199 1910 1338 1951 soient
1369 1911 1490 1963 plus!
1527 1910 1630 1961 969.

149 1970 236 2022 Qui
265 1970 311 2009 in
341 1970 475 2010 altum
508 1969 639 2010 mittit
670 1970 870 2023 lapidem,
908 1983 1036 2023 super
1067 1975 1195 2023 caput
1227 1971 1319 2024 ejus
1352 1970 1490 2012 cadet.
1531 1979 1660 2022 1340.

149 2029 234 2082 Qui
265 2029 431 2069 invenit
462 2030 658 2079 amicum,
695 2030 860 2070 invenit
891 2029 1155 2072 thesaurum.
1191 2030 1265 2072 61.

150 2089 235 2142 Qui
266 2102 334 2129 me
363 2089 573 2129 delivrera
605 2089 679 2129 des
711 2090 840 2130 Grecs
873 2094 915 2129 et
947 2090 1021 2129 des
1053 2090 1299 2130 Romains?
1339 2089 1466 2139 1906.

150 2148 236 2201 Qui
266 2160 320 2188 ne
353 2149 434 2188 sait
463 2149 672 2202 compatir
703 2162 783 2188 aux
818 2162 946 2189 maux
978 2146 1087 2202 qu'il
1119 2163 1143 2189 a
1175 2150 1404 2190 soufferts?
1436 2159 1541 2201 401.

151 2207 237 2261 Qui
266 2220 357 2248 non
387 2212 452 2248 est
484 2221 666 2257 mecum,
702 2214 850 2248 contra
882 2222 948 2249 me
980 2214 1059 2249 est.
1098 2216 1169 2258 72.

150 2267 236 2320 Qui
266 2279 355 2307 uon
386 2279 466 2307 son
498 2268 697 2308 semmine
730 2269 784 2307 da
817 2269 957 2309 conio.
999 2269 1126 2320 1653.

150 2326 235 2379 Qui
265 2338 376 2366 nous
407 2326 615 2367 delivrera
645 2328 720 2367 des
753 2328 883 2368 Grecs
915 2332 957 2369 et
988 2328 1062 2368 des
1095 2327 1334 2368 Romains?
1372 2328 1500 2377 1906.

150 2386 237 2438 Qui
267 2385 409 2436 oblige
440 2383 639 2439 s'oblige.
675 2388 778 2439 635.

151 2445 238 2498 Qui
269 2445 404 2498 parcit
434 2445 566 2497 virgae
599 2446 692 2486 odit
726 2446 879 2487 filium.
914 2454 1018 2498 437.

152 2505 260 2558 Quis
291 2504 477 2544 custodit
508 2506 734 2547 custodes?
773 2516 901 2557 1232.

151 2564 238 2618 Qui
255 2564 345 2604 sine
362 2569 535 2616 peccato
556 2570 620 2605 est
636 2570 838 2613 vestrum,
858 2565 1019 2618 primus
1044 2565 1088 2604 in
1109 2565 1222 2605 illam
1246 2565 1428 2618 lapidem
1454 2567 1610 2608 mittat.
1650 2567 1748 2619 165.

152 2624 238 2677 Qui
270 2629 395 2670 tacet,
429 2625 667 2664 consentire
699 2624 885 2665 videtur.
919 2635 1047 2677 1031.

152 2683 237 2736 Qui
269 2689 334 2723 tra
365 2679 541 2734 l’Adige
573 2696 596 2723 e
629 2683 655 2722 il
688 2684 754 2724 Po
786 2684 901 2735 giace
933 2685 1116 2737 sepolto.
1151 2694 1253 2736 903.

152 2742 237 2795 Qui
268 2743 332 2782 vit
363 2755 461 2783 sans
492 2742 591 2782 solie
620 2739 735 2783 n'est
766 2756 841 2795 pas
867 2743 902 2783 si
934 2757 1032 2795 sage
1063 2742 1169 2796 qu’il
1200 2745 1321 2785 croit.
1362 2746 1490 2796 1428.

151 2801 280 2854 Quod
314 2803 369 2842 ab
400 2801 484 2842 alio
515 2802 656 2842 oderis
681 2802 770 2843 fieri
794 2803 888 2854 tibi,
913 2803 1011 2843 vide
1031 2816 1085 2843 ne
1116 2808 1163 2844 tu
1194 2803 1422 2857 aliquando
1453 2804 1573 2845 alteri
1604 2805 1747 2846 facias.

217 2861 347 2912 1289.

153 2919 282 2971 Quod
311 2921 430 2960 Deus
462 2919 699 2971 coniunxit,
733 2919 863 2962 homo
895 2933 983 2962 non
1015 2927 1198 2975 separet.
1235 2923 1337 2974 386.

153 2978 283 3030 Quod
312 2985 402 3020 erat
431 2979 826 3021 demonstrandum.
867 2981 994 3032 1677.

155 3037 284 3089 Quod
313 3038 431 3089 sacis,
464 3039 527 3079 sac
558 3039 697 3081 eitius,
740 3048 867 3092 1351.
