2014 3386
728 107 875 146 Indice
906 108 1015 146 delle
1034 107 1162 160 frasi
1657 109 1741 162 609

144 277 289 318 Portae
319 276 453 317 Inferi
480 289 568 317 non
598 276 896 329 praevalebunt
926 277 1131 318 adversus
1162 292 1271 319 eam.
1313 289 1442 331 1193.
1525 273 1527 275 ¹

87 379 89 382 Α
142 337 299 377 Pescia
329 337 403 389 piu
434 336 511 376 che
541 335 571 375 il
603 336 726 376 dolor
756 338 857 389 pote
888 336 917 375 il
949 337 1143 388 digiuno.
1184 339 1310 391 1564.

143 396 252 436 Post
281 409 447 436 coenam
478 395 626 444 stabis,
663 400 736 435 aut
767 409 918 448 passus
950 396 1066 436 mille
1097 398 1276 439 meabis.
1316 399 1444 450 1386.

143 456 251 495 Post
280 455 464 496 mediam
495 459 664 495 noctem
697 455 814 495 visus
847 468 979 507 quum
1013 458 1179 497 somnia
1210 471 1327 498 vera.
1367 458 1469 509 306.

142 515 294 565 Potea,
326 526 415 555 non
447 514 573 563 volle,
610 527 658 554 or
689 514 767 554 che
799 517 953 564 vorria,
992 528 1080 556 non
1111 522 1256 569 puote.
1295 527 1396 569 392.

143 574 296 615 Potius
324 574 506 614 amicum
537 587 666 626 quam
697 574 857 614 dictum
889 575 1072 627 perdidi.
1112 585 1151 626 7.

144 633 295 674 Potius
326 635 435 674 mori
465 647 593 686 quam
625 633 792 675 foedari.
835 635 962 687 1644.

142 693 261 733 Pour
290 690 485 734 s’etablir
517 693 623 733 dans
654 693 693 732 10
726 694 899 743 monde,
923 707 981 734 on
1001 694 1077 734 fait
1099 699 1194 735 tout
1217 708 1262 735 ce
1284 708 1367 748 que
1388 692 1481 736 l'on
1505 701 1608 748 peut
1631 710 1741 749 pour

201 766 231 807 y
261 754 443 806 paraitre
474 753 620 793 etabli.
661 762 789 803 1303.

143 811 313 853 Povera
342 826 366 852 e
395 813 512 852 nuda
543 812 628 862 vai,
662 812 885 852 Filosofia.
926 820 1055 863 1535.

143 871 304 913 Poveri
333 872 455 913 frati!
491 872 666 911 avvezzi
696 885 721 911 a
749 884 839 911 nun
870 868 926 911 sa'
946 872 1102 912 niente:
1145 881 1273 922 1197.

143 931 302 971 Poveri
331 932 445 971 versi
475 932 573 971 miei
604 931 753 982 gettati
784 932 823 971 al
856 936 1002 972 vento.
1043 941 1172 983 1512.

142 990 270 1031 Prete
299 993 411 1031 Pero
443 992 466 1030 ὲ
497 1004 556 1030 1111
587 991 707 1031 buon
738 991 954 1031 cristiano.
995 991 1123 1040 1876.

138 1045 289 1091 ‘Prima
318 1056 383 1091 est
413 1050 668 1103 eloquentiae
700 1050 836 1091 virtus
869 1050 1164 1103 perspicuitas.
1206 1059 1335 1103 1515.

141 1110 287 1150 Prima
317 1112 444 1163 sputo
476 1115 539 1150 tre
571 1109 704 1159 volte,
737 1123 761 1149 e
790 1110 864 1163 poi
893 1111 1015 1150 tossi.
1058 1110 1183 1159 1872.

142 1169 291 1210 Primo
320 1170 488 1210 soldato
520 1166 950 1222 dell’indipendenza
981 1169 1167 1210 italiana.
1209 1171 1336 1222 1146.

142 1229 314 1269 Primus
345 1230 391 1269 in
421 1230 525 1269 orbe
556 1229 673 1268 Deos
704 1229 802 1269 fecit
834 1229 976 1269 timor.
1018 1239 1145 1280 1330.

144 1289 413 1341 Principatu's
445 1294 487 1328 et
517 1289 707 1329 libertas.
745 1297 847 1340 591.

142 1348 369 1401 Principiis
400 1349 548 1388 obsta:
584 1361 679 1388 sero
710 1349 919 1389 medicina
949 1351 1137 1401 paratur.
1177 1359 1304 1389 1220.

144 1408 231 1448 Pro
261 1408 345 1448 aris
376 1413 418 1448 et
448 1407 568 1447 focis.
610 1416 736 1459 1047.

143 1468 231 1507 Pro
262 1472 388 1520 captu
418 1467 588 1507 lectoris
619 1466 779 1507 habent
809 1480 886 1507 sua
915 1467 1000 1507 fata
1030 1466 1179 1507 libelli.
1211 1478 1279 1520 14.

142 1526 300 1568 Procul
330 1527 382 1567 o!
419 1526 568 1580 procul
599 1532 688 1566 este
719 1527 901 1579 profani.
943 1527 1073 1567 1688.

142 1587 231 1626 Pro
261 1586 391 1626 domo
423 1599 515 1627 sua.
555 1586 684 1636 1761.

141 1646 340 1686 Profecto
370 1646 482 1686 enim
514 1646 603 1685 vita
634 1645 779 1696 vigilia
809 1650 889 1686 est.
930 1654 1027 1697 795.

140 1705 444 1757 Progredimur
475 1718 562 1758 quo
593 1705 710 1745 ducit
741 1717 953 1758 quemque
985 1703 1200 1757 voluptas.
1240 1715 1311 1756 29.

141 1765 353 1806 Proletari
383 1765 428 1804 di
459 1765 558 1805 tutti
588 1765 602 1804 i
634 1764 767 1817 paesi,
802 1764 982 1805 unitevi.
1019 1766 1122 1804 612.

140 1825 396 1878 Prophetias
427 1824 561 1864 nolite
592 1837 805 1877 spernere.
845 1824 974 1864 1226.

141 1885 325 1937 Propter
356 1885 488 1924 vitam
518 1884 694 1924 vivendi
725 1884 903 1936 perdere
934 1895 1120 1923 caussas.
1162 1883 1288 1934 1629.

140 1944 400 1997 Prosperum
431 1957 479 1983 ac
509 1943 607 1983 felix
639 1943 775 1984 scelus
803 1943 811 1997 Ι
837 1943 988 1984 Virtus
1021 1946 1213 1983 vocatur.
1256 1943 1382 1995 1663.

141 2003 374 2043 Provando
405 2016 428 2042 e
459 2003 737 2056 riprovando.
774 2013 877 2053 402.
1308 2010 1310 2012 '

141 2063 371 2103 Proximus
401 2075 496 2102 sum
527 2069 695 2114 egomet
726 2062 845 2102 mihi.
883 2072 984 2113 329.

141 2122 336 2162 Prudens
356 2122 486 2162 futuri
509 2122 712 2175 temporis
729 2122 889 2162 exitum
907 2120 1137 2173 caliginosa
1154 2126 1278 2161 nocte
1301 2122 1455 2174 premit
1471 2122 1606 2163 Deus.
1635 2123 1737 2172 487.

142 2182 301 2235 Ψυχῆς
332 2181 557 2233 ’Ῑατρείον.
590 2191 663 2232 23.

142 2241 342 2290 Pulchre,
378 2241 504 2290 bene,
538 2246 664 2282 recte.
707 2241 834 2291 1699.

142 2300 335 2350 Pulsate,
368 2306 410 2340 et
440 2301 652 2353 aperietur
683 2300 825 2340 vobis.
868 2299 994 2352 1556.

142 2359 294 2399 Pulvis
325 2371 370 2399 es
400 2364 443 2399 et
472 2360 517 2399 in
548 2360 765 2413 pulverem
796 2360 1034 2399 reverteris.
1071 2359 1173 2399 822.

141 2419 293 2459 Pulvis
324 2424 366 2458 et
396 2420 548 2459 umbra
578 2432 740 2460 sumus.
779 2419 878 2468 788.

143 2479 259 2518 Pura
288 2478 471 2518 siccome
501 2491 560 2518 un
590 2478 757 2531 angelo.
799 2479 925 2530 1641.

142 2536 312 2578 Purche
335 2534 365 2577 ’l
397 2551 468 2578 reo
499 2550 587 2578 non
618 2539 654 2578 si
686 2538 807 2587 salvi,
843 2538 873 2577 il
905 2537 1047 2589 giusto
1078 2549 1193 2588 pera.
1221 2538 1322 2589 582.

101 2634 105 2637 ,
142 2598 261 2638 Puro
292 2610 315 2637 e
346 2596 541 2650 disposto
571 2611 596 2637 a
626 2598 750 2638 salire
780 2597 861 2637 alle
892 2596 1030 2652 stelle.
1069 2597 1196 2647 1642.

142 2657 230 2697 Put
259 2670 367 2710 your
400 2662 510 2697 trust
540 2657 585 2696 in
616 2657 714 2698 God
745 2658 830 2697 and
861 2657 970 2708 keep
1001 2669 1109 2709 your
1142 2656 1317 2708 powder
1349 2656 1445 2710 dry.
1487 2667 1619 2698 1221.

143 2774 336 2828 Quaeque
366 2775 458 2828 ipse
488 2775 722 2815 miserrima
753 2775 857 2815 vidi.
898 2775 1025 2827 1684.

143 2834 346 2886 Quaerite,
382 2840 423 2875 et
454 2834 695 2875 invenietis.
735 2835 862 2887 1556.

144 2893 251 2945 Quae
283 2899 324 2934 te
355 2894 567 2934 dementia
597 2894 735 2947 cepit?
775 2903 901 2947 1425.

143 2952 279 3004 Quale
310 2958 472 3006 aspetta
502 2966 647 3006 poego,
684 2967 707 2994 e
738 2950 898 3006 l’uopo
931 2953 1053 2993 vede.
1095 2961 1192 3006 154.

143 3010 271 3063 Quali
301 3012 495 3053 colombe
525 3013 595 3053 dal
626 3013 746 3054 desio
777 3012 999 3053 chiamate.
1041 3020 1168 3062 1772.

235 3112 278 3147 39
