2014 3386
274 136 356 176 622
858 138 1005 176 Indice
1036 139 1147 177 delle
1166 139 1296 191 frasi

273 309 410 358 Vade,
444 313 486 349 et
514 309 602 362 jam
634 308 816 361 amplius
849 308 939 348 noli
971 321 1158 362 peccare.
1199 309 1298 350 166.

273 370 399 410 Vade
430 374 560 419 retro,
595 369 769 409 Satana.
810 369 937 421 1803.

273 429 396 469 Vade
428 429 600 469 Satana.
643 431 770 479 1803.

274 490 352 529 Vae
386 489 483 529 soli.
518 499 622 540 429.

273 550 356 589 Vae
389 549 538 588 victis!
577 549 679 599 659.

271 610 354 649 Vae
387 608 511 648 vobis
545 608 704 647 Scribae
737 611 778 646 et
809 606 1015 647 Pharisaei
1047 606 1299 659 hypocritae.
1341 606 1473 659 1460.

273 669 497 708 Va’suora
528 664 572 706 d'
589 667 730 716 Italia,
766 680 820 706 va
851 668 971 707 suora
1002 663 1109 706 ch’e
1141 680 1231 708 ora.
1273 675 1401 718 1073.

272 728 488 786 Vagliami
518 727 548 766 il
579 727 711 777 lungo
744 727 887 767 studio
919 740 941 766 e
972 726 1002 765 il
1034 727 1194 778 grande
1226 739 1386 767 amore.
1429 737 1557 779 1413.

274 789 396 839 Vago
429 787 576 839 Eupili
608 787 710 827 mio.
747 789 850 837 897.

278 849 455 888 Vanitas
488 846 728 886 vanitatum
760 852 802 886 et
834 846 978 886 omnia
1010 846 1192 886 vanitas.
1231 847 1332 895 781.

274 909 437 960 Vanity
469 907 586 947 Fair.
623 908 726 957 958.

273 969 356 1018 Va,
395 967 608 1019 pensiero,
644 963 810 1006 sull'ali
843 965 1006 1006 dorate.
1047 975 1175 1017 1093.

272 1029 343 1068 Va
375 1041 449 1080 per
479 1027 665 1078 negletta
696 1026 781 1066 via.
823 1034 950 1077 1504.

273 1089 404 1137 Vare,
438 1087 628 1138 legiones
660 1085 815 1125 redde!
852 1097 955 1137 444.

272 1148 465 1188 Variano
496 1147 511 1186 i
542 1147 659 1197 saggi
686 1145 692 1199 Ι
721 1149 763 1185 A
794 1145 979 1184 seconda
1010 1141 1180 1184 de‘casi
1211 1144 1225 1183 i
1257 1144 1321 1184 lor
1353 1144 1551 1197 pensieri.
1587 1145 1691 1196 983.

275 1208 453 1248 Varium
486 1211 527 1246 et
558 1206 763 1245 mutabile
794 1217 961 1257 semper
992 1204 1164 1246 femina.
1199 1213 1300 1256 350.

279 1269 356 1316 Va,
391 1267 645 1318 sciagurato,
681 1266 739 1305 mi
771 1265 891 1304 metti
923 1277 1083 1304 orrore.
1125 1265 1253 1314 1837.

273 1330 468 1368 Vassene
499 1327 529 1366 il
562 1331 722 1378 tempo,
758 1338 780 1364 e
811 1322 959 1364 l'uom
991 1337 1080 1364 non
1113 1337 1156 1364 se
1188 1321 1425 1366 n’avvede.
1466 1323 1594 1376 1596.

273 1384 377 1436 Va’‚
414 1383 501 1436 va’,
529 1399 692 1438 povero
723 1385 956 1435 untorello,
983 1397 1071 1424 non
1105 1384 1214 1424 sarai
1245 1389 1291 1424 tu
1324 1384 1468 1437 quello
1500 1383 1578 1424 che
1610 1382 1767 1435 spianti
1799 1382 1884 1422 Mi-

333 1448 448 1487 lano.
492 1448 619 1487 1882.

275 1507 461 1546 Vecchio
493 1506 630 1545 amico
663 1501 706 1544 d’
722 1504 921 1545 infanzia.
963 1504 1091 1556 1884.

276 1566 514 1618 Vectigalia
545 1578 701 1605 nervos
734 1565 794 1604 rei
825 1564 1025 1617 publicae.
1063 1567 1166 1615 644.

275 1627 444 1668 Vedere
475 1626 504 1664 il
544 1624 720 1665 fuscello
757 1622 1021 1665 nell’occhio
1067 1623 1135 1663 del
1167 1622 1334 1663 fratello
1373 1635 1395 1662 e
1440 1635 1528 1663 non
1573 1622 1615 1661 la
1659 1626 1779 1661 trave
1815 1620 1886 1661 nel

334 1686 525 1739 proprio.
568 1686 696 1738 1658.

275 1747 464 1796 Vederti,
501 1745 633 1786 udirti
665 1758 687 1784 e
719 1758 807 1784 non
839 1744 1064 1785 amarti....
1100 1755 1256 1783 umana
1283 1741 1289 1796 Ι
1319 1742 1431 1782 Cosa
1461 1754 1550 1781 non
1581 1742 1620 1782 ὲ.
1649 1751 1722 1793 94.

274 1808 443 1858 Veggio
478 1803 507 1845 'l
541 1805 696 1857 meglio
729 1805 781 1845 ed
812 1804 852 1843 al
884 1805 1059 1856 peggior
1091 1799 1370 1855 m'appigliO.
1407 1802 1510 1852 976.

278 1867 445 1907 Vellem
477 1866 639 1905 nescire
671 1865 829 1905 literas.
871 1873 968 1914 170.

275 1928 344 1967 Ve
374 1926 417 1966 lo
450 1926 544 1965 dica
575 1926 606 1965 il
639 1938 717 1964 suo
750 1937 936 1965 rossore.
972 1925 1076 1974 987..

274 1987 428 2026 Vende
460 1986 500 2025 la
531 1986 696 2034 liberta,
734 1984 770 2024 si
801 1982 1057 2024 se’soldato.
1097 1990 1198 2034 735.

275 2046 475 2087 Vendevi
506 2048 686 2085 zenzero
715 2045 720 2095 Ι
749 2045 832 2084 Per
865 2057 973 2097 pepe
1003 2044 1138 2083 bono.
1179 2051 1277 2082 120.

275 2107 483 2146 Venduto
515 2107 569 2145 ad
601 2118 659 2145 un
692 2105 798 2144 duce
830 2105 1039 2144 venduto.
1076 2103 1179 2154 647.

274 2165 535 2206 Venerabile
567 2166 820 2217 impostura.
863 2172 991 2217 1457.

274 2227 407 2276 Veni,
443 2226 548 2274 vidi,
587 2226 685 2265 vici.
730 2233 858 2274 1701.

275 2287 460 2326 Veniam
494 2286 544 2324 ad
580 2290 621 2324 te
654 2290 870 2336 tamquam
903 2284 985 2323 sur.
1027 2290 1158 2332 1325.

275 2347 459 2386 Veniam
493 2345 762 2398 petimusque
795 2344 1032 2395 damusque
1063 2340 1267 2381 vicissim.
1309 2341 1406 2392 164.

277 2405 478 2446 Venienti
511 2405 717 2444 occurrite
750 2405 918 2444 morbo.
961 2413 1089 2453 1292.

278 2467 465 2505 Ventum
498 2466 771 2504 seminabunt
802 2469 844 2503 et
875 2464 1088 2503 turbinem
1121 2465 1297 2501 metent.
1335 2460 1438 2512 641.

276 2528 393 2566 Vera
423 2526 592 2564 incessu
626 2524 763 2577 patuit
795 2524 890 2563 dea.
931 2532 1059 2572 1279.

275 2585 440 2636 Vergin
473 2585 518 2623 di
551 2598 676 2624 servo
709 2584 919 2624 encomio.
960 2594 1088 2633 1204.

276 2645 467 2696 Vergine
500 2645 654 2684 Cuccia
685 2644 738 2683 de
770 2644 809 2683 le
841 2643 1001 2684 Grazie
1025 2642 1198 2681 alunna.
1238 2650 1338 2690 290.

276 2704 625 2756 Vergognatevi!
668 2703 795 2755 1838.

277 2765 445 2804 Veritas
478 2764 522 2802 in
554 2776 725 2803 omnem
757 2763 823 2802 sui
855 2767 1017 2814 partem
1051 2773 1217 2812 semper
1249 2759 1397 2799 eadem
1430 2762 1509 2799 est.
1554 2757 1680 2809 1436.

276 2825 446 2863 Verites
480 2824 532 2862 de
565 2825 628 2863 M.
666 2824 718 2863 de
750 2824 812 2862 La
843 2822 1023 2862 Palisse.
1068 2831 1196 2870 1921.

276 2885 395 2923 Vero
428 2883 658 2923 Pandolso.
701 2883 828 2932 1788.

277 2942 430 2982 Vestili
461 2956 580 2982 come
612 2943 732 2991 vuoi,
767 2942 1020 2992 suggiranno
1054 2952 1234 2992 sempre.
1276 2938 1405 2989 1624.

277 3003 426 3042 Veuve
459 2999 567 3042 d'un
599 3003 752 3055 peuple
783 3002 861 3050 roi,
900 3001 1005 3040 mais
1037 3000 1152 3040 reine
1184 3012 1335 3039 encore
1367 2997 1424 3036 du
1457 2995 1629 3036 monde.
1666 2996 1769 3044 918.

277 3062 363 3102 Via
394 3062 438 3101 di
469 3062 697 3102 Damasco.
740 3062 868 3112 1809.
