2014 3386
724 125 873 163 Indice
902 125 1013 164 delle
1031 124 1160 177 frasi
1609 161 1611 163 ,
1656 132 1734 176 571

138 297 264 336 Avea
292 295 363 335 del
392 308 489 336 c....
522 294 628 335 fatto
660 296 907 335 trombetta.
948 295 1077 337 1280.

136 357 253 405 Ave,
285 355 535 407 Imperator,
572 354 768 394 morituri
800 360 840 394 te
873 354 1074 396 salutant.
1111 355 1213 408 650.

137 413 344 454 Avereil
374 414 558 453 cervello
588 413 700 453 nella
732 413 919 454 schiena.
956 414 1058 464 687.

137 476 258 513 Aver
289 474 470 525 perduto
502 473 532 512 il
563 474 647 512 ben
678 469 1018 514 dell'intelletto.
1060 473 1188 524 1426.

137 529 197 573 A'
209 532 297 574 voli
314 538 468 586 troppo
485 532 560 572 alti
575 533 820 585 erepentini
847 531 854 587 Ι
883 533 1089 584 Sogliono
1105 533 1120 572 i
1135 533 1333 586 precipizj
1350 545 1464 576 esser
1478 532 1738 584 vicini.493.

138 650 747 702 Bagolamentototoscultura.
787 662 804 690 1
817 660 918 702 793.

137 711 353 750 Barbarus
382 710 452 749 hic
483 722 562 761 ego
594 723 703 759 sum,
740 711 840 763 quia
870 723 959 750 non
990 710 1204 763 intelligor
1234 711 1325 752 ulli.
1366 718 1494 760 1077.

138 770 294 810 Barufe
322 770 368 809 in
397 770 590 821 samegia.
624 779 729 821 431.

139 829 256 869 Batti
287 843 357 869 ma
387 829 563 869 ascolta.
600 839 703 880 321.

138 889 261 929 Beati
290 889 346 940 gli
380 888 502 928 occhi
531 888 610 928 che
639 890 681 928 la
711 887 831 927 vider
866 888 979 929 viva.
1017 886 1119 939 382'.

140 948 264 988 Beati
294 948 451 988 mortui
482 948 557 1000 qui
587 948 633 987 in
663 948 854 987 Domino
885 949 1141 989 moriuntur.
1176 950 1279 1002 857.

138 1007 259 1048 Beati
291 1020 500 1061 pauperes
532 1007 700 1060 spiritu.
741 1008 869 1059 1369.

139 1068 263 1107 Beati
293 1067 580 1120 possidentes.
619 1068 748 1117 1183.

139 1126 263 1167 Beati
293 1127 368 1179 qui
398 1127 444 1165 in
474 1127 566 1165 iure
596 1131 823 1166 censentur
853 1127 1140 1178 possidentes.
1180 1127 1311 1178 1183.

139 1187 276 1226 Beato
306 1198 503 1239 asperges
535 1185 605 1225 del
634 1186 806 1226 baston.
847 1186 975 1238 1885.

139 1247 276 1286 Beato
306 1258 393 1285 non
426 1246 487 1284 far
519 1245 651 1285 nulla.
687 1255 791 1296 992.

139 1305 300 1346 Beatus
332 1305 417 1353 ille,
454 1305 528 1357 qui
559 1305 708 1356 procul
739 1304 938 1356 negotiis.
977 1306 1077 1357 763.

139 1363 344 1405 Becchini
374 1363 486 1403 della
516 1363 784 1405 Monarchia.
826 1365 952 1415 1839.

140 1423 348 1464 Belisario
379 1424 556 1463 obulum
588 1423 686 1463 date
715 1423 977 1476 imperatori.
1012 1423 1116 1475 496.

138 1483 260 1524 Bella
285 1482 293 1537 Ι
321 1483 453 1523 Come
483 1495 543 1522 un
574 1482 734 1534 angiol‚
759 1483 836 1523 che
867 1483 953 1522 Dio
985 1495 1080 1523 crea
1109 1482 1180 1522 nel
1211 1482 1286 1535 piu
1310 1482 1483 1522 ardente
1511 1479 1517 1536 Ι
1546 1482 1635 1521 Suo
1659 1485 1742 1520 tra—

199 1547 348 1595 sporto
379 1539 570 1583 d’amor.
608 1551 710 1594 373.

138 1602 260 1642 Bella
289 1602 459 1654 coppia,
492 1601 523 1640 il
546 1601 624 1641 ciel
655 1602 700 1640 vi
730 1601 895 1652 guardi.
937 1600 1064 1653 1896.

139 1661 260 1701 Bella
291 1661 407 1713 figlia
437 1657 709 1701 dell’amore.
750 1661 847 1702 108.

139 1721 276 1769 Bella,
309 1720 484 1761 horrida
514 1720 642 1761 bella.
677 1722 780 1772 642.

139 1780 260 1820 Bella
290 1779 537 1821 Immortal!
572 1780 779 1821 benefica.
819 1789 947 1831 1323.

140 1839 260 1879 Bella
289 1840 431 1888 Italia,
466 1844 604 1879 amate
635 1839 816 1891 sponde.
857 1840 984 1891 1058.

142 1899 310 1939 Bellum
343 1913 368 1939 a
397 1898 515 1938 nulla
546 1912 591 1938 re
621 1899 748 1939 bella.
790 1908 918 1951 1521.

139 1959 233 1998 Ben
262 1956 606 1998 dell’intelletto.
646 1958 774 2010 1426.
1211 1988 1218 1997 .

139 2018 378 2058 Benedetta
405 2017 513 2057 colei
544 2017 622 2057 che
652 2018 697 2056 in
729 2023 771 2057 te
803 2013 1044 2056 s'incinse!
1085 2018 1215 2058 1822.

140 2077 375 2117 Benedette
406 2076 618 2128 figliuole!
653 2089 743 2116 non
773 2089 910 2128 veggo
940 2073 1058 2116 l’ora
1087 2075 1166 2116 che
1197 2076 1234 2115 si
1265 2075 1485 2116 maritino!
1527 2074 1654 2115 1016.

140 2137 391 2177 Benedictio
423 2136 555 2189 patris
588 2135 728 2176 firmat
759 2136 911 2176 domos
945 2135 1147 2176 filiorum.
1183 2146 1286 2187 439.

142 2196 363 2245 Benedite,
398 2208 503 2247 gran
534 2195 635 2244 Dio,
670 2192 863 2236 l'Italia!
905 2194 1031 2235 1082.

141 2256 235 2295 Ben
264 2251 335 2295 e'l
364 2255 486 2295 viver
517 2254 684 2304 mortal,
720 2254 798 2294 che
829 2256 865 2294 si
894 2251 1154 2306 n'aggrada.
1194 2253 1294 2305 783.

142 2316 260 2355 Bene
289 2314 364 2366 qui
395 2314 531 2362 latuit,
568 2314 677 2354 bene
707 2314 829 2354 vixit.
865 2316 967 2366 258.

141 2374 475 2426 Benignamente
506 2369 712 2414 d’umilta
743 2378 927 2414 vestuta.
968 2373 1096 2425 1648.

142 2434 235 2474 Ben
268 2429 330 2473 se'
350 2431 508 2481 crudel‚
545 2445 590 2472 se
620 2438 668 2473 tu
698 2432 766 2484 gia
796 2445 884 2472 non
916 2432 948 2472 ti
979 2432 1114 2472 duoli.
1155 2431 1283 2481 1167.

141 2493 235 2533 Ben
266 2492 299 2532 ti
331 2492 504 2543 riveggo
534 2504 616 2531 con
648 2492 787 2544 piacet
820 2491 1046 2533 Lisandro.
1086 2499 1214 2539 1721.

141 2551 487 2592 Bestemmiaudo
518 2551 634 2602 fuggi
663 2548 816 2591 l'alma
846 2551 1072 2602 sdegnosa.
1107 2550 1210 2603 956.

141 2611 348 2652 Bevendo
378 2611 422 2650 in
454 2610 606 2659 sresco,
640 2623 662 2649 e
695 2610 1034 2653 bestemmiando.
1064 2610 1221 2650 Cristo.
1262 2617 1390 2662 1574.

140 2670 320 2711 Beverei
349 2670 483 2722 prima
514 2669 543 2708 il
573 2669 742 2711 veleno.
782 2670 909 2722 1569.

141 2730 299 2779 Bibite,
335 2729 496 2777 fratres,
533 2728 684 2778 bibite,
717 2741 770 2769 ne
801 2727 998 2769 diabolus
1030 2740 1108 2768 vos
1140 2727 1303 2768 otiosos
1334 2727 1540 2768 inveniat.
1579 2725 1707 2778 1568.

141 2789 304 2841 Bigotti
334 2788 447 2828 della
479 2786 747 2829 Monarchia.
779 2790 907 2839 1839.

142 2848 219 2888 Bis
250 2847 324 2888 dat
353 2848 428 2900 qui
458 2848 544 2888 cito
574 2847 663 2887 dat.
705 2857 803 2900 151.

141 2906 331 2959 Bisogna
359 2907 573 2958 mangiare
604 2919 679 2959 per
710 2907 854 2946 vivere
872 2899 907 2945 'e
937 2917 1025 2945 non
1047 2905 1190 2945 vivere
1214 2917 1288 2958 per
1319 2905 1548 2957 mangiare.
1579 2905 1707 2955 1627.

142 2965 219 3005 Bis
250 2966 382 3006 vincit
412 2966 486 3018 qui
518 2974 564 3006 se
595 2965 727 3006 vincit
758 2966 801 3005 in
834 2965 1028 3006 victoria.
1068 2965 1197 3017 1584.

142 3023 339 3066 Bollente
369 3024 551 3065 Achille.
591 3033 691 3074 711.
